3142 4575
226 546 299 589 cnr.
315 527 364 610 tv]
612 529 833 593 MORONIA
1177 538 1215 597 61

300 633 315 659 l

226 684 337 747 leones
366 684 539 765 asinosque
565 684 807 749 transformasse
832 686 954 763 dicitur,
980 687 1023 751 ita
1050 696 1155 751 tamen
1184 702 1219 753 ut

226 784 397 847 humanam
413 783 522 845 illis'et
537 802 646 845 vocem
661 794 693 847 et
707 782 817 847 faciem
832 788 1034 850 concesserit.

305 1008 387 1073 Cnr.
402 1007 444 1069 V.
486 1006 642 1082 Orcum,
666 1024 776 1068 aaran
800 1006 963 1072 Ducarus
983 1010 1141 1073 Asperum

523 1140 528 1146 -
625 1103 810 1167 Moaouma

265 1282 390 1344 Vrcmm
419 1280 545 1361 Orgilia
573 1291 641 1356 est;
676 1290 761 1343 terra
789 1282 887 1358 arida,
918 1302 1076 1357 arenosa,
1091 1285 1217 1358 sterilis,

226 1401 318 1465 quae·
331 1390 460 1461 gentem
486 1378 632 1459 producit
659 1378 853 1457 iracundam,
879 1380 1039 1457 furiosam,
1066 1382 1218 1460 rabidam,

226 1490 346 1543 statura
378 1478 493 1541 ceteris
524 1477 693 1553 minorem,
719 1478 838 1557 pallida
870 1467 958 1555 facie,
988 1478 1076 1541 crine
1112 1482 1247 1564 rubro,5

225 1578 325 1639 oculis
355 1575 608 1653 scintillantibus,
639 1586 795 1639 tremente
823 1576 915 1652 labi0,
946 1576 1067 1638 incerto
1096 1597 1217 1657 gressu,

225 1676 282 1739 sed
298 1676 486 1756 plerumque
501 1674 668 1737 concitato.

267 1772 352 1837 Huic
361 1784 488 1854 praeest
503 1772 593 1835 ‘Dux
605 1774 645 1835 de
656 1770 847 1847 Courroux,’
862 1782 1070 1853 tyrannorum
1079 1773 1220 1836 omnium

226 1884 257 1936 et
272 1874 437 1952 exemplar
447 1882 478 1935 et
491 1870 711 1953 Coryphaeus.
746 1871 913 1933 Mirabitur
923 1892 983 1935 nec
998 1873 1107 1934 credet
1121 1872 1221 1935 lector

225 1971 374 2045 narranti,
404 1970 480 2051 quid
508 1969 561 2031 ille
590 1969 704 2044 iubeat,
735 1970 810 2050 quid
836 1980 917 2049 agat,
944 1990 1103 2051 quamque
1124 1970 1219 2051 impe·
1234 1998 1265 2034 10

225 2080 316 2133 tuose
341 2089 418 2133 suos
439 2068 565 2149 plectat.
610 2067 755 2131 Celebris
779 2067 832 2131 ille
854 2070 1015 2148 quondam
1039 2068 1219 2132 Russorum

225 2178 380 2251 tyrannus
397 2166 482 2229 mitis
496 2167 593 2229 homo
608 2186 645 2229 ac
660 2176 846 2249 mansuetus
860 2186 938 2247 prae
953 2166 1015 2229 isto
1029 2167 1106 2229 mihi
1120 2168 1217 2244 visus,

226 2276 257 2330 et
271 2267 325 2349 qui
339 2266 513 2348 primorum
525 2264 708 2342 Caesarum,
722 2264 819 2327 immo
833 2274 864 2327 et
886 2264 1082 2346 Patagonum
1096 2266 1220 2329 cruoris

185 2413 195 2420 -
225 2365 472 2430 sitientissimus

265 2464 353 2542 Quin
367 2474 399 2528 et
413 2463 483 2526 istic
498 2463 605 2528 forsan
620 2462 786 2526 haesitabit
806 2463 992 2526 incredulus
1008 2483 1115 2526 rerum
1133 2463 1264 2535 inda-15

224 2573 324 2644 gator,
347 2561 531 2642 explorator
551 2571 706 2624 terrarum
717 2582 726 2639 ;
755 2581 868 2641 neque,
893 2580 963 2622 cum
987 2560 1066 2623 caeli
1090 2561 1219 2642 ingenio

225 2661 349 2724 soleant
370 2660 546 2722 incolarum
565 2679 671 2721 mores
690 2659 891 2735 conformari,
908 2659 969 2720 sibi
989 2659 1073 2721 sinet
1093 2678 1219 2739 persua·

225 2758 294 2820 deri
314 2759 476 2838 regionem
494 2757 576 2819 hanc
594 2749 745 2845 polarem,
761 2777 822 2838 pro
843 2757 904 2820 loci
923 2757 985 2820 situ
1005 2757 1220 2820 intensissime

225 2855 381 2936 frigidam,
393 2865 456 2918 tam
466 2855 586 2918 calidae
597 2875 634 2916 ac
644 2841 821 2918 cholericae
829 2855 930 2936 prolis
939 2866 1071 2918 matrem
1081 2877 1220 2936 unquam

225 2954 394 3016 exstitisse.
438 2953 481 3016 At
510 2953 656 3016 novimus
683 2963 731 3016 sat
755 2954 837 3016 bene
861 2953 1053 3035 philosophi,
1078 2975 1117 3016 eo
1142 2954 1219 3016 veri·
1235 2969 1266 3004 ²0

225 3051 358 3115 similius
387 3051 448 3113 hoc
477 3071 518 3112 ex
547 3051 749 3130 oppositione
777 3071 873 3131 posse
901 3051 980 3127 fieri,
1007 3073 1070 3131 quo
1098 3052 1220 3114 caelum

156 3144 171 3210 .’
225 3149 389 3230 frigidius:
425 3168 529 3228 neque
564 3147 641 3209 illud
678 3148 844 3228 quisquam
872 3160 1000 3230 stupere
1027 3151 1143 3230 poterit
1167 3151 1221 3230 qui

226 3247 349 3311 noverit
369 3245 518 3322 Africam,
541 3245 709 3326 regionum
731 3246 982 3323 torridissimam,
1006 3248 1221 3328 gelidissimas

225 3357 392 3427 serpentes
406 3363 571 3426 generare.
1228 3419 1232 3425 Ι
1247 3406 1252 3414 ,

159 3513 165 3538 ,
268 3444 372 3507 Nemo
388 3443 502 3506 horum
520 3442 625 3524 prodit
645 3461 783 3522 unquam
804 3461 868 3504 non
884 3454 1019 3506 onustus
1038 3445 1153 3507 armis:
1174 3456 1217 3522 ut,
1234 3469 1265 3518 ²5

226 3543 275 3604 cui
289 3541 388 3605 vestis
407 3561 520 3622 parum
536 3541 673 3608 fortasse
692 3549 847 3620 suppetat,
865 3540 986 3602 nullum
1000 3551 1107 3604 tamen
1122 3562 1221 3605 arma·

226 3651 314 3703 turae
340 3659 445 3720 genus
470 3639 563 3704 desit.
607 3638 698 3702 ldem
723 3639 827 3713 homo,
853 3659 918 3700 non
940 3639 1105 3717 maximus,
1130 3642 1221 3720 quasi

226 3737 437 3800 conductitius
468 3737 582 3800 Martis
617 3737 750 3812 baiulus,
782 3736 896 3798 dextro
927 3737 1055 3818 quidem
1088 3739 1222 3820 humero

227 3837 444 3912 bombardam,
468 3835 597 3898 sinistro
619 3835 742 3913 fustem,
766 3855 807 3896 ex
829 3835 929 3898 altero
950 3835 1048 3898 latere
1069 3837 1218 3916 gladium,
