3142 4575
345 511 366 571 8
530 510 729 573 MUNDUS
758 510 914 572 ALTER
946 510 1003 570 ET
1034 511 1149 572 IDEM
1227 510 1335 591 [irai

345 666 385 727 ad
401 667 568 730 essentiam
590 668 734 748 pertinet,
757 688 826 729 cum
842 688 937 730 aereo
956 668 1009 729 illo
1029 669 1132 744 melle,
1148 688 1220 747 quo,
1237 686 1342 729 verno.

345 766 530 845 praesertim
546 777 697 847 tempore,
713 786 849 846 quercus
863 777 1023 829 nostrates
1036 767 1173 829 imbutas
1188 786 1284 845 saepe
1295 765 1336 825 vi·

345 861 468 924 dimus:
490 862 560 925 sola
574 862 679 924 differt
694 863 923 940 crassitudine;
949 883 1030 938 narn,
1047 864 1100 924 ubi
1115 863 1177 924 mel
1192 873 1337 923 nostrum

346 960 489 1039 guttatim
518 961 686 1041 spargitur,
716 962 934 1023 incrassantur
956 961 988 1021 hi
1011 961 1130 1039 globuli
1157 960 1335 1022 intensiore

319 1085 333 1134 5
347 1059 469 1121 mediae
481 1060 622 1139 regionis
636 1059 763 1140 frigore,
780 1069 813 1121 et
823 1059 967 1121 cadendo
982 1058 1145 1120 resultant.

774 1260 856 1323 Cnr.
879 1260 910 1320 V

386 1401 668 1477 Qumpuncrsrno
684 1399 795 1480 quinto
818 1401 919 1479 gradu
935 1400 1104 1462 incidimus
1119 1402 1151 1462 in
1170 1400 1335 1463 Planitiem

346 1497 543 1575 Lecanicam,
561 1498 631 1578 ipsa
647 1498 904 1579 Pamphagoniae
919 1498 1053 1561 viscera.
1339 1517 1341 1520 ·
1382 1577 1385 1582 ἱ

388 1596 517 1659 Festino
548 1597 588 1658 ad
619 1596 759 1677 regionis
790 1596 887 1658 totius
918 1595 1122 1675 Metropolin,
1152 1617 1234 1677 quae
1262 1618 1333 1672 una,

345 1696 412 1756 sive
427 1705 604 1757 structurae
623 1696 765 1771 sormam,
782 1695 850 1757 sive
871 1715 977 1757 mores
992 1695 1109 1775 populi,
1126 1695 1193 1757 sive
1209 1697 1336 1774 regulas

304 1814 333 1849 10
345 1793 483 1871 vivendi,
498 1794 585 1873 leges
604 1792 766 1855 desideret
781 1793 853 1874 quis
867 1812 1067 1873 cognoscere,
1082 1792 1182 1867 instar
1196 1794 1336 1868 omnium

345 1892 406 1953 erit
419 1892 547 1953 cordato
562 1891 680 1979 lectori.

366 2092 448 2154 Cnr.
469 2090 528 2153 Vl.
574 2091 790 2153 Mnrnorocrs
813 2090 1102 2154 Pnnpnncourne:
1130 2090 1316 2165 Monesoua

775 2189 897 2251 Porum

354 2357 355 2360 ¹
385 2330 514 2392 Victus
539 2331 590 2391 hic
611 2331 831 2411 paucissimae,
854 2340 889 2391 ut
913 2331 1027 2392 merito
1047 2331 1219 2393 coniiceret
1236 2330 1336 2392 istinc

344 2429 455 2506 viator,
471 2449 570 2508 pagos
585 2449 695 2490 omnes
710 2428 923 2490 a'civitatibus
937 2429 1094 2492 devorari.

387 2527 495 2589 Urbes
517 2547 581 2588 non
603 2537 665 2587 tam
686 2527 802 2588 multae
822 2546 916 2606 quam
933 2527 1108 2607 populosae
1128 2538 1160 2591 et
1179 2528 1334 2608 ingenteS,

302 2650 331 2700 15
345 2645 477 2706 quarum
493 2635 524 2687 et
538 2635 638 2686 mater
653 2635 684 2686 et
699 2624 829 2686 domina
843 2623 934 2686 facile
948 2626 1036 2687 audit
1049 2626 1301 2707 Artocreopolis

387 2723 485 2786 Fama
508 2734 557 2785 est
582 2723 710 2784 saeculo
732 2722 840 2802 priore
861 2723 941 2785 duas
966 2724 1064 2786 fuisse
1090 2725 1234 2787 civitates
1258 2726 1336 2786 cele·

344 2822 509 2900 berrimas,
530 2821 701 2900 Artopolin
728 2831 759 2882 et
785 2820 959 2899 Creatium,
982 2843 1064 2902 quae
1089 2824 1129 2884 de
1157 2823 1336 2903 principatu

321 2913 398 2996 ¹diu
433 2921 629 3000 multumque
664 2920 906 2982 contendebant.
949 2920 1114 3000 Artopolis
1149 2931 1337 2982 vetustatem

344 3041 420 3101 prae
435 3041 470 3082 se
485 3017 613 3080 serebat.
657 3018 817 3080 Creatium
832 3018 1037 3098 splendorem
1052 3019 1185 3096 iactavit,
1202 3021 1336 3081 amoeni·

300 3145 332 3180 πο
346 3130 441 3182 tatem
457 3127 488 3178 et
503 3116 686 3196 potentiam.
731 3115 851 3177 Coacto
872 3118 999 3178 tandem
1018 3117 1152 3178 concilio
1170 3136 1336 3196 procerum

345 3217 486 3278 omnium
500 3215 661 3294 suffragiis
675 3213 749 3276 vicit
765 3215 935 3276 Creatium.
970 3215 1098 3277 Scilicet
1113 3215 1166 3276 illa
1180 3226 1228 3277 est
1242 3216 1338 3276 huius

344 3315 456 3376 aetatis
476 3313 632 3394 iniquitaS,
651 3323 685 3374 ut
706 3333 888 3394 quanquam
908 3323 1001 3393 caput
1018 3313 1078 3393 ipsi
1094 3313 1155 3374 iam
1171 3314 1246 3374 olim
1259 3314 1337 3374 mihi

344 3411 521 3474 incanuerit
536 3413 607 3474 nive
621 3412 802 3487 senectutis,
819 3411 953 3491 simplici
975 3422 1081 3473 tamen
1095 3411 1242 3473 vetustati
1257 3411 1336 3473 nihil

343 3521 472 3573 censeat
486 3511 696 3586 tribuendum,
714 3530 798 3591 prae,
811 3512 950 3590 superba
971 3530 1008 3572 ac
1027 3510 1170 3590 praecoci
1186 3511 1335 3572 novitate.

299 3629 330 3680 ²5
345 3609 406 3671 Illa
430 3610 536 3687 altera,
563 3609 625 3671 iarn
650 3629 781 3689 prorsus
811 3609 967 3689 neglecta,
996 3609 1163 3671 consenuit
1191 3619 1225 3670 ut
1252 3629 1336 3674 nunc

344 3729 384 3771 ne
407 3709 522 3771 rudera
544 3707 671 3789 quidem
694 3721 749 3771 aut
773 3706 908 3788 vestigia
928 3727 1042 3770 cernas
1065 3719 1126 3771 tam
1150 3706 1336 3787 magnificae
1413 3723 1417 3729 ·

343 3807 440 3870 urbis.
