<?xml version="1.0" encoding="UTF-8"?>
<!DOCTYPE html PUBLIC "-//W3C//DTD XHTML 1.0 Transitional//EN"
    "http://www.w3.org/TR/xhtml1/DTD/xhtml1-transitional.dtd">
<html xmlns="http://www.w3.org/1999/xhtml" xml:lang="en" lang="en">
 <head>
  <title>
</title>
<meta http-equiv="Content-Type" content="text/html;charset=utf-8" />
  <meta name='ocr-system' content='tesseract 3.04.00' />
  <meta name='ocr-capabilities' content='ocr_page ocr_carea ocr_par ocr_line ocrx_word'/>
</head>
<body>
  <div class='ocr_page' id='page_1' title='image "./mundusalteretid00andegoog_0078.png"; bbox 0 0 3142 4575; ppageno 0'>
   <div class='ocr_carea' id='block_1_1' title="bbox 238 528 1232 615">
    <p class='ocr_par' dir='ltr' id='par_1_1' title="bbox 238 528 1232 615">
     <span class='ocr_line' id='line_1_1' title="bbox 238 528 1232 615; baseline 0.001 -24"><span class='ocrx_word' id='word_1_1' title='bbox 238 548 308 591; x_wconf 74' lang='lat' dir='ltr'>cnr.</span> <span class='ocrx_word' id='word_1_2' title='bbox 325 528 374 613; x_wconf 89' lang='lat' dir='ltr'>rv]</span> <span class='ocrx_word' id='word_1_3' title='bbox 623 528 843 599; x_wconf 90' lang='lat' dir='ltr'><strong>MORONIA</strong></span> <span class='ocrx_word' id='word_1_4' title='bbox 1190 554 1232 615; x_wconf 84' lang='lat'>59</span> 
     </span>
    </p>
   </div>
   <div class='ocr_carea' id='block_1_2' title="bbox 238 686 1282 3906">
    <p class='ocr_par' dir='ltr' id='par_1_2' title="bbox 238 686 1231 865">
     <span class='ocr_line' id='line_1_2' title="bbox 238 686 1231 765; baseline 0 -16"><span class='ocrx_word' id='word_1_5' title='bbox 238 686 367 750; x_wconf 90' lang='lat' dir='ltr'>alterius</span> <span class='ocrx_word' id='word_1_6' title='bbox 392 686 513 765; x_wconf 87' lang='lat' dir='ltr'>domus,</span> <span class='ocrx_word' id='word_1_7' title='bbox 539 698 593 751; x_wconf 87' lang='lat' dir='ltr'>aut</span> <span class='ocrx_word' id='word_1_8' title='bbox 622 687 705 749; x_wconf 90' lang='lat' dir='ltr'>intra</span> <span class='ocrx_word' id='word_1_9' title='bbox 729 697 816 750; x_wconf 88' lang='lat' dir='ltr'>certa</span> <span class='ocrx_word' id='word_1_10' title='bbox 844 688 989 751; x_wconf 91' lang='lat' dir='ltr'>milliaria</span> <span class='ocrx_word' id='word_1_11' title='bbox 1017 688 1143 756; x_wconf 91' lang='lat' dir='ltr'>aedium</span> <span class='ocrx_word' id='word_1_12' title='bbox 1171 688 1231 750; x_wconf 90' lang='lat' dir='ltr'>sibi</span> 
     </span>
     <span class='ocr_line' id='line_1_3' title="bbox 238 786 1228 865; baseline 0.003 -17"><span class='ocrx_word' id='word_1_13' title='bbox 238 796 334 865; x_wconf 92' lang='lat' dir='ltr'>ponat</span> <span class='ocrx_word' id='word_1_14' title='bbox 348 786 563 856; x_wconf 88' lang='lat' dir='ltr'>fundamenta.</span> <span class='ocrx_word' id='word_1_15' title='bbox 1224 845 1228 851; x_wconf 90' lang='lat'><em>.</em></span> 
     </span>
    </p>

    <p class='ocr_par' dir='ltr' id='par_1_3' title="bbox 239 883 1278 1847">
     <span class='ocr_line' id='line_1_4' title="bbox 281 883 1233 966; baseline 0.005 -21"><span class='ocrx_word' id='word_1_16' title='bbox 281 883 458 947; x_wconf 88' lang='lat' dir='ltr'>Rarissime</span> <span class='ocrx_word' id='word_1_17' title='bbox 468 885 596 965; x_wconf 86' lang='lat' dir='ltr'>quidem</span> <span class='ocrx_word' id='word_1_18' title='bbox 606 897 741 947; x_wconf 84' lang='lat' dir='ltr'>exeunt:</span> <span class='ocrx_word' id='word_1_19' title='bbox 758 886 827 949; x_wconf 90' lang='lat' dir='ltr'>sive</span> <span class='ocrx_word' id='word_1_20' title='bbox 838 887 870 948; x_wconf 94' lang='lat' dir='ltr'>id</span> <span class='ocrx_word' id='word_1_21' title='bbox 882 897 1014 966; x_wconf 87' lang='lat' dir='ltr'>propter</span> <span class='ocrx_word' id='word_1_22' title='bbox 1025 887 1233 951; x_wconf 89' lang='lat' dir='ltr'>densissimas</span> 
     </span>
     <span class='ocr_line' id='line_1_5' title="bbox 239 982 1233 1063; baseline 0.007 -21"><span class='ocrx_word' id='word_1_23' title='bbox 239 982 395 1058; x_wconf 76' lang='lat' dir='ltr'>tenebras</span> <span class='ocrx_word' id='word_1_24' title='bbox 421 1000 502 1062; x_wconf 91' lang='lat' dir='ltr'>quae</span> <span class='ocrx_word' id='word_1_25' title='bbox 527 982 577 1043; x_wconf 94' lang='lat' dir='ltr'>hic</span> <span class='ocrx_word' id='word_1_26' title='bbox 604 982 671 1043; x_wconf 89' lang='lat' dir='ltr'>sere</span> <span class='ocrx_word' id='word_1_27' title='bbox 696 993 870 1063; x_wconf 83' lang='lat' dir='ltr'><strong>perpetuae</strong></span> <span class='ocrx_word' id='word_1_28' title='bbox 894 994 977 1059; x_wconf 88' lang='lat' dir='ltr'>sunt,</span> <span class='ocrx_word' id='word_1_29' title='bbox 1009 984 1076 1046; x_wconf 92' lang='lat' dir='ltr'>sive</span> <span class='ocrx_word' id='word_1_30' title='bbox 1103 986 1233 1049; x_wconf 87' lang='lat' dir='ltr'>decreto</span> 
     </span>
     <span class='ocr_line' id='line_1_6' title="bbox 239 1080 1262 1162; baseline 0.003 -21"><span class='ocrx_word' id='word_1_31' title='bbox 239 1080 391 1159; x_wconf 90' lang='lat' dir='ltr'>principis</span> <span class='ocrx_word' id='word_1_32' title='bbox 409 1080 471 1156; x_wconf 87' lang='lat' dir='ltr'>fiat,</span> <span class='ocrx_word' id='word_1_33' title='bbox 489 1101 545 1142; x_wconf 92' lang='lat' dir='ltr'>seu</span> <span class='ocrx_word' id='word_1_34' title='bbox 566 1091 679 1160; x_wconf 90' lang='lat' dir='ltr'>sponte</span> <span class='ocrx_word' id='word_1_35' title='bbox 699 1101 758 1143; x_wconf 91' lang='lat' dir='ltr'>sua</span> <span class='ocrx_word' id='word_1_36' title='bbox 776 1081 892 1160; x_wconf 90' lang='lat' dir='ltr'>potius,</span> <span class='ocrx_word' id='word_1_37' title='bbox 909 1083 994 1162; x_wconf 94' lang='lat' dir='ltr'>quod</span> <span class='ocrx_word' id='word_1_38' title='bbox 1009 1102 1045 1144; x_wconf 94' lang='lat' dir='ltr'>se</span> <span class='ocrx_word' id='word_1_39' title='bbox 1059 1082 1262 1162; x_wconf 82' lang='lat' dir='ltr'>domestica5</span> 
     </span>
     <span class='ocr_line' id='line_1_7' title="bbox 239 1178 1233 1242; baseline 0.002 -3"><span class='ocrx_word' id='word_1_40' title='bbox 239 1178 410 1241; x_wconf 87' lang='lat' dir='ltr'>solitudine</span> <span class='ocrx_word' id='word_1_41' title='bbox 446 1178 556 1240; x_wconf 86' lang='lat' dir='ltr'><strong>malint</strong></span> <span class='ocrx_word' id='word_1_42' title='bbox 592 1178 759 1241; x_wconf 90' lang='lat' dir='ltr'>oblectare.</span> <span class='ocrx_word' id='word_1_43' title='bbox 817 1178 936 1241; x_wconf 87' lang='lat' dir='ltr'>Rarius</span> <span class='ocrx_word' id='word_1_44' title='bbox 969 1190 1075 1242; x_wconf 90' lang='lat' dir='ltr'>tamen</span> <span class='ocrx_word' id='word_1_45' title='bbox 1107 1181 1233 1242; x_wconf 89' lang='lat' dir='ltr'>obvium</span> 
     </span>
     <span class='ocr_line' id='line_1_8' title="bbox 240 1276 1232 1357; baseline 0.004 -20"><span class='ocrx_word' id='word_1_46' title='bbox 240 1276 419 1357; x_wconf 85' lang='lat' dir='ltr'>quempiam</span> <span class='ocrx_word' id='word_1_47' title='bbox 442 1278 579 1348; x_wconf 84' lang='lat' dir='ltr'>salutant</span> <span class='ocrx_word' id='word_1_48' title='bbox 601 1277 652 1337; x_wconf 91' lang='lat' dir='ltr'>vel</span> <span class='ocrx_word' id='word_1_49' title='bbox 672 1278 886 1357; x_wconf 88' lang='lat' dir='ltr'>alloquuntur,</span> <span class='ocrx_word' id='word_1_50' title='bbox 909 1278 955 1339; x_wconf 91' lang='lat' dir='ltr'>sic</span> <span class='ocrx_word' id='word_1_51' title='bbox 976 1279 1061 1340; x_wconf 90' lang='lat' dir='ltr'>enim</span> <span class='ocrx_word' id='word_1_52' title='bbox 1082 1280 1232 1342; x_wconf 89' lang='lat' dir='ltr'>sehabet</span> 
     </span>
     <span class='ocr_line' id='line_1_9' title="bbox 240 1374 1230 1459; baseline 0.004 -24"><span class='ocrx_word' id='word_1_53' title='bbox 240 1375 320 1456; x_wconf 90' lang='lat' dir='ltr'>legis</span> <span class='ocrx_word' id='word_1_54' title='bbox 340 1394 416 1436; x_wconf 90' lang='lat' dir='ltr'>suae</span> <span class='ocrx_word' id='word_1_55' title='bbox 434 1374 610 1459; x_wconf 81' lang='lat' dir='ltr'>sententia;</span> <span class='ocrx_word' id='word_1_56' title='bbox 633 1376 833 1454; x_wconf 86' lang='lat' dir='ltr'>‘Antequam</span> <span class='ocrx_word' id='word_1_57' title='bbox 851 1396 1018 1446; x_wconf 85' lang='lat' dir='ltr'>necessum</span> <span class='ocrx_word' id='word_1_58' title='bbox 1034 1387 1091 1451; x_wconf 87' lang='lat' dir='ltr'>est,</span> <span class='ocrx_word' id='word_1_59' title='bbox 1107 1384 1148 1438; x_wconf 88' lang='lat' dir='ltr'>ne</span> <span class='ocrx_word' id='word_1_60' title='bbox 1163 1398 1230 1457; x_wconf 91' lang='lat' dir='ltr'>pro·</span> 
     </span>
     <span class='ocr_line' id='line_1_10' title="bbox 240 1472 1233 1549; baseline 0.004 -16"><span class='ocrx_word' id='word_1_61' title='bbox 240 1472 377 1549; x_wconf 91' lang='lat' dir='ltr'>deunto;</span> <span class='ocrx_word' id='word_1_62' title='bbox 400 1472 559 1533; x_wconf 92' lang='lat' dir='ltr'>neminem</span> <span class='ocrx_word' id='word_1_63' title='bbox 575 1472 608 1532; x_wconf 91' lang='lat' dir='ltr'>in</span> <span class='ocrx_word' id='word_1_64' title='bbox 623 1472 685 1549; x_wconf 92' lang='lat' dir='ltr'>via,</span> <span class='ocrx_word' id='word_1_65' title='bbox 697 1472 758 1534; x_wconf 88' lang='lat' dir='ltr'>nisi</span> <span class='ocrx_word' id='word_1_66' title='bbox 774 1474 826 1534; x_wconf 94' lang='lat' dir='ltr'>die</span> <span class='ocrx_word' id='word_1_67' title='bbox 843 1474 939 1549; x_wconf 91' lang='lat' dir='ltr'>Iovis,</span> <span class='ocrx_word' id='word_1_68' title='bbox 952 1474 1132 1537; x_wconf 89' lang='lat' dir='ltr'>salutanto.&#39;</span> <span class='ocrx_word' id='word_1_69' title='bbox 1169 1476 1233 1537; x_wconf 93' lang='lat' dir='ltr'>Adi</span> 
     </span>
     <span class='ocr_line' id='line_1_11' title="bbox 241 1570 1278 1653; baseline 0.004 -22"><span class='ocrx_word' id='word_1_70' title='bbox 241 1590 429 1651; x_wconf 86' lang='lat' dir='ltr'>quemquam</span> <span class='ocrx_word' id='word_1_71' title='bbox 442 1571 592 1632; x_wconf 87' lang='lat' dir='ltr'>istorum:</span> <span class='ocrx_word' id='word_1_72' title='bbox 610 1570 699 1649; x_wconf 89' lang='lat' dir='ltr'>pulta</span> <span class='ocrx_word' id='word_1_73' title='bbox 709 1570 813 1632; x_wconf 88' lang='lat' dir='ltr'>sores:</span> <span class='ocrx_word' id='word_1_74' title='bbox 831 1592 904 1633; x_wconf 90' lang='lat' dir='ltr'>sero</span> <span class='ocrx_word' id='word_1_75' title='bbox 917 1576 1091 1653; x_wconf 89' lang='lat' dir='ltr'>respondet</span> <span class='ocrx_word' id='word_1_76' title='bbox 1102 1572 1229 1653; x_wconf 84' lang='lat' dir='ltr'>hospes,</span> <span class='ocrx_word' id='word_1_77' title='bbox 1248 1606 1278 1641; x_wconf 87' lang='lat'>10</span> 
     </span>
     <span class='ocr_line' id='line_1_12' title="bbox 241 1668 1233 1752; baseline 0.002 -22"><span class='ocrx_word' id='word_1_78' title='bbox 241 1679 272 1731; x_wconf 91' lang='lat' dir='ltr'>et</span> <span class='ocrx_word' id='word_1_79' title='bbox 297 1668 457 1745; x_wconf 87' lang='lat' dir='ltr'>iracunde,</span> <span class='ocrx_word' id='word_1_80' title='bbox 481 1668 598 1749; x_wconf 86' lang='lat' dir='ltr'>quippe</span> <span class='ocrx_word' id='word_1_81' title='bbox 624 1668 849 1732; x_wconf 89' lang='lat' dir='ltr'>molestissime</span> <span class='ocrx_word' id='word_1_82' title='bbox 870 1671 975 1733; x_wconf 86' lang='lat' dir='ltr'>serunt</span> <span class='ocrx_word' id='word_1_83' title='bbox 999 1672 1073 1733; x_wconf 92' lang='lat' dir='ltr'>novi</span> <span class='ocrx_word' id='word_1_84' title='bbox 1098 1672 1233 1752; x_wconf 92' lang='lat' dir='ltr'>hospitis</span> 
     </span>
     <span class='ocr_line' id='line_1_13' title="bbox 241 1778 595 1847; baseline 0 -19"><span class='ocrx_word' id='word_1_85' title='bbox 241 1778 434 1847; x_wconf 62' lang='lat' dir='ltr'>aspectum.=</span> <span class='ocrx_word' id='word_1_86' title='bbox 478 1782 479 1786; x_wconf 75' lang='grc'>’</span> <span class='ocrx_word' id='word_1_87' title='bbox 551 1818 553 1825; x_wconf 29' lang='lat'><strong>⁴</strong></span> <span class='ocrx_word' id='word_1_88' title='bbox 593 1782 595 1787; x_wconf 88' lang='grc'><em>·</em></span> 
     </span>
    </p>

    <p class='ocr_par' dir='ltr' id='par_1_4' title="bbox 241 1865 1279 2340">
     <span class='ocr_line' id='line_1_14' title="bbox 283 1865 1234 1947; baseline 0.003 -21"><span class='ocrx_word' id='word_1_89' title='bbox 283 1865 422 1941; x_wconf 87' lang='lat' dir='ltr'>Quaeris</span> <span class='ocrx_word' id='word_1_90' title='bbox 443 1866 520 1945; x_wconf 92' lang='lat' dir='ltr'>quid</span> <span class='ocrx_word' id='word_1_91' title='bbox 547 1877 642 1947; x_wconf 88' lang='lat' dir='ltr'>agant</span> <span class='ocrx_word' id='word_1_92' title='bbox 663 1867 714 1930; x_wconf 91' lang='lat' dir='ltr'>vel</span> <span class='ocrx_word' id='word_1_93' title='bbox 739 1888 803 1947; x_wconf 91' lang='lat' dir='ltr'>quo</span> <span class='ocrx_word' id='word_1_94' title='bbox 825 1869 953 1929; x_wconf 92' lang='lat' dir='ltr'>tandem</span> <span class='ocrx_word' id='word_1_95' title='bbox 979 1870 1074 1930; x_wconf 90' lang='lat' dir='ltr'>modo</span> <span class='ocrx_word' id='word_1_96' title='bbox 1098 1878 1234 1930; x_wconf 91' lang='lat' dir='ltr'>aetatem</span> 
     </span>
     <span class='ocr_line' id='line_1_15' title="bbox 241 1963 1232 2045; baseline 0.003 -20"><span class='ocrx_word' id='word_1_97' title='bbox 241 1974 366 2026; x_wconf 83' lang='lat' dir='ltr'>terant·</span> <span class='ocrx_word' id='word_1_98' title='bbox 398 1963 485 2026; x_wconf 91' lang='lat' dir='ltr'>Sane</span> <span class='ocrx_word' id='word_1_99' title='bbox 507 1965 711 2045; x_wconf 88' lang='lat' dir='ltr'>imaginando</span> <span class='ocrx_word' id='word_1_100' title='bbox 734 1976 765 2027; x_wconf 95' lang='lat' dir='ltr'>et</span> <span class='ocrx_word' id='word_1_101' title='bbox 786 1965 937 2045; x_wconf 87' lang='lat' dir='ltr'>fingendo</span> <span class='ocrx_word' id='word_1_102' title='bbox 959 1986 1121 2045; x_wconf 89' lang='lat' dir='ltr'>nunquam</span> <span class='ocrx_word' id='word_1_103' title='bbox 1144 1967 1232 2041; x_wconf 87' lang='lat' dir='ltr'>sacta,</span> 
     </span>
     <span class='ocr_line' id='line_1_16' title="bbox 242 2062 1279 2143; baseline 0.004 -20"><span class='ocrx_word' id='word_1_104' title='bbox 242 2082 402 2142; x_wconf 89' lang='lat' dir='ltr'>nunquam</span> <span class='ocrx_word' id='word_1_105' title='bbox 421 2062 535 2138; x_wconf 89' lang='lat' dir='ltr'>sutura,</span> <span class='ocrx_word' id='word_1_106' title='bbox 554 2064 715 2125; x_wconf 90' lang='lat' dir='ltr'>credendo</span> <span class='ocrx_word' id='word_1_107' title='bbox 733 2084 813 2142; x_wconf 90' lang='lat' dir='ltr'>quae</span> <span class='ocrx_word' id='word_1_108' title='bbox 833 2063 993 2139; x_wconf 88' lang='lat' dir='ltr'>finxerint,</span> <span class='ocrx_word' id='word_1_109' title='bbox 1009 2066 1234 2143; x_wconf 91' lang='lat' dir='ltr'>prosequendo</span> <span class='ocrx_word' id='word_1_110' title='bbox 1251 2093 1279 2141; x_wconf 85' lang='lat'>15</span> 
     </span>
     <span class='ocr_line' id='line_1_17' title="bbox 241 2160 1235 2240; baseline 0.002 -20"><span class='ocrx_word' id='word_1_111' title='bbox 241 2180 322 2239; x_wconf 90' lang='lat' dir='ltr'>quae</span> <span class='ocrx_word' id='word_1_112' title='bbox 355 2160 567 2238; x_wconf 89' lang='lat' dir='ltr'>crediderint;</span> <span class='ocrx_word' id='word_1_113' title='bbox 595 2181 685 2240; x_wconf 68' lang='lat' dir='ltr'>›quae</span> <span class='ocrx_word' id='word_1_114' title='bbox 721 2160 801 2222; x_wconf 89' lang='lat' dir='ltr'>ratio</span> <span class='ocrx_word' id='word_1_115' title='bbox 837 2173 886 2222; x_wconf 90' lang='lat' dir='ltr'>est</span> <span class='ocrx_word' id='word_1_116' title='bbox 903 2181 975 2221; x_wconf 86' lang='lat' dir='ltr'>cur</span> <span class='ocrx_word' id='word_1_117' title='bbox 1008 2161 1052 2222; x_wconf 93' lang='lat' dir='ltr'>ita</span> <span class='ocrx_word' id='word_1_118' title='bbox 1086 2162 1235 2226; x_wconf 91' lang='lat' dir='ltr'>horreant</span> 
     </span>
     <span class='ocr_line' id='line_1_18' title="bbox 241 2258 803 2340; baseline 0.004 -20"><span class='ocrx_word' id='word_1_119' title='bbox 241 2269 403 2338; x_wconf 90' lang='lat' dir='ltr'>aspectum</span> <span class='ocrx_word' id='word_1_120' title='bbox 419 2258 583 2340; x_wconf 91' lang='lat' dir='ltr'>nolintque</span> <span class='ocrx_word' id='word_1_121' title='bbox 598 2259 803 2340; x_wconf 88' lang='lat' dir='ltr'>interpellari.</span> 
     </span>
    </p>

    <p class='ocr_par' dir='ltr' id='par_1_5' title="bbox 242 2357 1234 2538">
     <span class='ocr_line' id='line_1_19' title="bbox 282 2357 1234 2439; baseline -0.002 -20"><span class='ocrx_word' id='word_1_122' title='bbox 282 2357 374 2419; x_wconf 89' lang='lat' dir='ltr'>Alius</span> <span class='ocrx_word' id='word_1_123' title='bbox 388 2378 424 2418; x_wconf 89' lang='lat' dir='ltr'>se</span> <span class='ocrx_word' id='word_1_124' title='bbox 439 2357 500 2420; x_wconf 88' lang='lat' dir='ltr'>iarn</span> <span class='ocrx_word' id='word_1_125' title='bbox 516 2359 570 2418; x_wconf 94' lang='lat' dir='ltr'>diu</span> <span class='ocrx_word' id='word_1_126' title='bbox 586 2370 745 2420; x_wconf 92' lang='lat' dir='ltr'>mortuum</span> <span class='ocrx_word' id='word_1_127' title='bbox 760 2370 856 2439; x_wconf 86' lang='lat' dir='ltr'>putat,</span> <span class='ocrx_word' id='word_1_128' title='bbox 871 2379 971 2439; x_wconf 86' lang='lat' dir='ltr'>seque</span> <span class='ocrx_word' id='word_1_129' title='bbox 985 2359 1072 2422; x_wconf 81' lang='lat' dir='ltr'>velut</span> <span class='ocrx_word' id='word_1_130' title='bbox 1086 2357 1234 2437; x_wconf 80' lang='lat' dir='ltr'>frigidum</span> 
     </span>
     <span class='ocr_line' id='line_1_20' title="bbox 242 2452 1047 2538; baseline 0.004 -23"><span class='ocrx_word' id='word_1_131' title='bbox 242 2455 378 2517; x_wconf 89' lang='lat' dir='ltr'>cadaver</span> <span class='ocrx_word' id='word_1_132' title='bbox 392 2455 457 2516; x_wconf 91' lang='lat' dir='ltr'>imo</span> <span class='ocrx_word' id='word_1_133' title='bbox 471 2455 503 2515; x_wconf 91' lang='lat' dir='ltr'>in</span> <span class='ocrx_word' id='word_1_134' title='bbox 519 2456 700 2534; x_wconf 90' lang='lat' dir='ltr'>pavimento</span> <span class='ocrx_word' id='word_1_135' title='bbox 713 2467 900 2538; x_wconf 86' lang='lat' dir='ltr'>protensum</span> <span class='ocrx_word' id='word_1_136' title='bbox 915 2452 1047 2519; x_wconf 45' lang='lat' dir='ltr'>sternit*</span> 
     </span>
    </p>

    <p class='ocr_par' dir='ltr' id='par_1_6' title="bbox 241 2553 1281 3221">
     <span class='ocr_line' id='line_1_21' title="bbox 241 2553 1281 2634; baseline -0.004 -19"><span class='ocrx_word' id='word_1_137' title='bbox 241 2597 243 2601; x_wconf 90' lang='lat'><em>-</em></span> <span class='ocrx_word' id='word_1_138' title='bbox 282 2553 374 2615; x_wconf 92' lang='lat' dir='ltr'>Alius</span> <span class='ocrx_word' id='word_1_139' title='bbox 384 2573 421 2615; x_wconf 92' lang='lat' dir='ltr'>se</span> <span class='ocrx_word' id='word_1_140' title='bbox 432 2553 549 2633; x_wconf 85' lang='lat' dir='ltr'>talpam</span> <span class='ocrx_word' id='word_1_141' title='bbox 560 2554 758 2634; x_wconf 84' lang='lat' dir='ltr'>imaginatus,</span> <span class='ocrx_word' id='word_1_142' title='bbox 770 2555 857 2634; x_wconf 84' lang='lat' dir='ltr'>degit</span> <span class='ocrx_word' id='word_1_143' title='bbox 868 2555 900 2616; x_wconf 93' lang='lat' dir='ltr'>in</span> <span class='ocrx_word' id='word_1_144' title='bbox 909 2555 1005 2616; x_wconf 90' lang='lat' dir='ltr'>cubili</span> <span class='ocrx_word' id='word_1_145' title='bbox 1016 2556 1232 2631; x_wconf 90' lang='lat' dir='ltr'>subterraneo,</span> <span class='ocrx_word' id='word_1_146' title='bbox 1250 2577 1281 2614; x_wconf 82' lang='lat'>20</span> 
     </span>
     <span class='ocr_line' id='line_1_22' title="bbox 241 2653 1235 2732; baseline 0.002 -20"><span class='ocrx_word' id='word_1_147' title='bbox 241 2671 368 2713; x_wconf 85' lang='lat' dir='ltr'>vermes</span> <span class='ocrx_word' id='word_1_148' title='bbox 377 2661 559 2726; x_wconf 76' lang='lat' dir='ltr'>venaturus</span> <span class='ocrx_word' id='word_1_149' title='bbox 574 2663 741 2732; x_wconf 90' lang='lat' dir='ltr'>rostroque</span> <span class='ocrx_word' id='word_1_150' title='bbox 752 2655 853 2732; x_wconf 90' lang='lat' dir='ltr'>probe</span> <span class='ocrx_word' id='word_1_151' title='bbox 863 2654 1002 2715; x_wconf 89' lang='lat' dir='ltr'>calceato</span> <span class='ocrx_word' id='word_1_152' title='bbox 1014 2664 1130 2715; x_wconf 90' lang='lat' dir='ltr'>terram</span> <span class='ocrx_word' id='word_1_153' title='bbox 1142 2653 1235 2714; x_wconf 90' lang='lat' dir='ltr'>suffo-</span> 
     </span>
     <span class='ocr_line' id='line_1_23' title="bbox 242 2749 1234 2832; baseline 0.002 -22"><span class='ocrx_word' id='word_1_154' title='bbox 242 2749 306 2812; x_wconf 93' lang='lat' dir='ltr'>dit:</span> <span class='ocrx_word' id='word_1_155' title='bbox 328 2749 382 2811; x_wconf 93' lang='lat' dir='ltr'>ubi</span> <span class='ocrx_word' id='word_1_156' title='bbox 403 2769 480 2812; x_wconf 90' lang='lat' dir='ltr'>vero</span> <span class='ocrx_word' id='word_1_157' title='bbox 498 2750 612 2830; x_wconf 90' lang='lat' dir='ltr'>aliquis</span> <span class='ocrx_word' id='word_1_158' title='bbox 634 2751 722 2812; x_wconf 89' lang='lat' dir='ltr'>illum</span> <span class='ocrx_word' id='word_1_159' title='bbox 742 2752 905 2814; x_wconf 90' lang='lat' dir='ltr'>insecutus</span> <span class='ocrx_word' id='word_1_160' title='bbox 926 2753 977 2814; x_wconf 91' lang='lat' dir='ltr'>vel</span> <span class='ocrx_word' id='word_1_161' title='bbox 998 2753 1118 2814; x_wconf 88' lang='lat' dir='ltr'>acicula</span> <span class='ocrx_word' id='word_1_162' title='bbox 1137 2773 1234 2832; x_wconf 92' lang='lat' dir='ltr'>pupu-</span> 
     </span>
     <span class='ocr_line' id='line_1_24' title="bbox 241 2847 1233 2930; baseline 0.003 -22"><span class='ocrx_word' id='word_1_163' title='bbox 241 2847 330 2928; x_wconf 89' lang='lat' dir='ltr'>gerit,</span> <span class='ocrx_word' id='word_1_164' title='bbox 347 2847 452 2910; x_wconf 90' lang='lat' dir='ltr'>statim</span> <span class='ocrx_word' id='word_1_165' title='bbox 471 2851 615 2927; x_wconf 89' lang='lat' dir='ltr'>(prorsus</span> <span class='ocrx_word' id='word_1_166' title='bbox 637 2849 720 2911; x_wconf 89' lang='lat' dir='ltr'>enirn</span> <span class='ocrx_word' id='word_1_167' title='bbox 742 2850 803 2911; x_wconf 91' lang='lat' dir='ltr'>sibi</span> <span class='ocrx_word' id='word_1_168' title='bbox 822 2851 954 2915; x_wconf 58' lang='lat' dir='ltr'>videtur.</span> <span class='ocrx_word' id='word_1_169' title='bbox 969 2871 1058 2913; x_wconf 91' lang='lat' dir='ltr'>more</span> <span class='ocrx_word' id='word_1_170' title='bbox 1079 2851 1233 2930; x_wconf 89' lang='lat' dir='ltr'>talparum</span> 
     </span>
     <span class='ocr_line' id='line_1_25' title="bbox 242 2946 1235 3028; baseline 0.003 -21"><span class='ocrx_word' id='word_1_171' title='bbox 242 2946 398 3024; x_wconf 72' lang='lat' dir='ltr'>caecutire</span> <span class='ocrx_word' id='word_1_172' title='bbox 420 2957 454 3007; x_wconf 92' lang='lat' dir='ltr'>ut</span> <span class='ocrx_word' id='word_1_173' title='bbox 476 2967 580 3028; x_wconf 91' lang='lat' dir='ltr'>neque</span> <span class='ocrx_word' id='word_1_174' title='bbox 600 2948 702 3008; x_wconf 90' lang='lat' dir='ltr'>virum</span> <span class='ocrx_word' id='word_1_175' title='bbox 726 2968 786 3009; x_wconf 92' lang='lat' dir='ltr'>nec·</span> <span class='ocrx_word' id='word_1_176' title='bbox 809 2948 927 3010; x_wconf 88' lang='lat' dir='ltr'>serrum</span> <span class='ocrx_word' id='word_1_177' title='bbox 950 2949 1128 3028; x_wconf 84' lang='lat' dir='ltr'>dignoscat)</span> <span class='ocrx_word' id='word_1_178' title='bbox 1149 2949 1235 3010; x_wconf 89' lang='lat' dir='ltr'>furca</span> 
     </span>
     <span class='ocr_line' id='line_1_26' title="bbox 242 3031 1279 3126; baseline 0.002 -23"><span class='ocrx_word' id='word_1_179' title='bbox 242 3053 329 3104; x_wconf 89' lang='lat' dir='ltr'>ratus</span> <span class='ocrx_word' id='word_1_180' title='bbox 344 3044 479 3123; x_wconf 85' lang='lat' dir='ltr'>talparia</span> <span class='ocrx_word' id='word_1_181' title='bbox 494 3031 649 3106; x_wconf 86' lang='lat' dir='ltr'>transfodi</span> <span class='ocrx_word' id='word_1_182' title='bbox 668 3065 704 3106; x_wconf 88' lang='lat' dir='ltr'>se</span> <span class='ocrx_word' id='word_1_183' title='bbox 724 3046 880 3106; x_wconf 83' lang='lat' dir='ltr'>exclamat</span> <span class='ocrx_word' id='word_1_184' title='bbox 895 3046 1012 3107; x_wconf 78' lang='lat' dir='ltr'>misere</span> <span class='ocrx_word' id='word_1_185' title='bbox 1031 3067 1129 3126; x_wconf 88' lang='lat' dir='ltr'>seque</span> <span class='ocrx_word' id='word_1_186' title='bbox 1144 3056 1234 3126; x_wconf 91' lang='lat' dir='ltr'>parat</span> <span class='ocrx_word' id='word_1_187' title='bbox 1248 3064 1279 3113; x_wconf 84' lang='lat'>25</span> 
     </span>
     <span class='ocr_line' id='line_1_27' title="bbox 241 3141 390 3221; baseline 0 -18"><span class='ocrx_word' id='word_1_188' title='bbox 241 3141 390 3221; x_wconf 90' lang='lat' dir='ltr'>patibulo.</span> 
     </span>
    </p>

    <p class='ocr_par' dir='ltr' id='par_1_7' title="bbox 242 3239 1256 3516">
     <span class='ocr_line' id='line_1_28' title="bbox 273 3239 1256 3322; baseline 0.007 -23"><span class='ocrx_word' id='word_1_189' title='bbox 273 3239 374 3316; x_wconf 21' lang='lat' dir='ltr'>,Alius</span> <span class='ocrx_word' id='word_1_190' title='bbox 395 3239 557 3301; x_wconf 85' lang='lat' dir='ltr'>Atlantem</span> <span class='ocrx_word' id='word_1_191' title='bbox 579 3240 668 3320; x_wconf 84' lang='lat' dir='ltr'>fingit</span> <span class='ocrx_word' id='word_1_192' title='bbox 692 3262 789 3320; x_wconf 88' lang='lat' dir='ltr'>grave</span> <span class='ocrx_word' id='word_1_193' title='bbox 813 3242 972 3304; x_wconf 90' lang='lat' dir='ltr'>caelorum</span> <span class='ocrx_word' id='word_1_194' title='bbox 993 3262 1077 3304; x_wconf 93' lang='lat' dir='ltr'>onus</span> <span class='ocrx_word' id='word_1_195' title='bbox 1098 3241 1160 3303; x_wconf 93' lang='lat' dir='ltr'>sibi</span> <span class='ocrx_word' id='word_1_196' title='bbox 1183 3241 1256 3322; x_wconf 51' lang='lat' dir='ltr'>imp</span> 
     </span>
     <span class='ocr_line' id='line_1_29' title="bbox 242 3337 1236 3418; baseline 0 -20"><span class='ocrx_word' id='word_1_197' title='bbox 242 3337 407 3417; x_wconf 89' lang='lat' dir='ltr'>posuisse:</span> <span class='ocrx_word' id='word_1_198' title='bbox 429 3347 491 3399; x_wconf 93' lang='lat' dir='ltr'>stat</span> <span class='ocrx_word' id='word_1_199' title='bbox 514 3357 591 3418; x_wconf 90' lang='lat' dir='ltr'>ergo</span> <span class='ocrx_word' id='word_1_200' title='bbox 612 3337 784 3400; x_wconf 89' lang='lat' dir='ltr'>immobilis</span> <span class='ocrx_word' id='word_1_201' title='bbox 806 3340 971 3418; x_wconf 88' lang='lat' dir='ltr'>suspirans</span> <span class='ocrx_word' id='word_1_202' title='bbox 992 3339 1187 3418; x_wconf 90' lang='lat' dir='ltr'>saepissime,</span> <span class='ocrx_word' id='word_1_203' title='bbox 1204 3349 1236 3398; x_wconf 90' lang='lat' dir='ltr'>et</span> 
     </span>
     <span class='ocr_line' id='line_1_30' title="bbox 242 3435 953 3516; baseline 0.003 -20"><span class='ocrx_word' id='word_1_204' title='bbox 242 3455 325 3496; x_wconf 93' lang='lat' dir='ltr'>nunc</span> <span class='ocrx_word' id='word_1_205' title='bbox 340 3435 459 3497; x_wconf 89' lang='lat' dir='ltr'>tollens</span> <span class='ocrx_word' id='word_1_206' title='bbox 470 3436 645 3514; x_wconf 88' lang='lat' dir='ltr'>humerum,</span> <span class='ocrx_word' id='word_1_207' title='bbox 662 3456 747 3500; x_wconf 92' lang='lat' dir='ltr'>nunc</span> <span class='ocrx_word' id='word_1_208' title='bbox 762 3437 953 3516; x_wconf 87' lang='lat' dir='ltr'>deprimens.</span> 
     </span>
    </p>

    <p class='ocr_par' dir='ltr' id='par_1_8' title="bbox 242 3533 1282 3906">
     <span class='ocr_line' id='line_1_31' title="bbox 282 3533 1282 3615; baseline 0.007 -21"><span class='ocrx_word' id='word_1_209' title='bbox 282 3533 355 3594; x_wconf 90' lang='lat' dir='ltr'>Alia</span> <span class='ocrx_word' id='word_1_210' title='bbox 374 3533 557 3613; x_wconf 85' lang='lat' dir='ltr'>Megaeram</span> <span class='ocrx_word' id='word_1_211' title='bbox 577 3555 613 3596; x_wconf 91' lang='lat' dir='ltr'>se</span> <span class='ocrx_word' id='word_1_212' title='bbox 633 3536 771 3615; x_wconf 88' lang='lat' dir='ltr'>opinata,</span> <span class='ocrx_word' id='word_1_213' title='bbox 789 3536 839 3596; x_wconf 93' lang='lat' dir='ltr'>vel</span> <span class='ocrx_word' id='word_1_214' title='bbox 859 3535 1025 3596; x_wconf 90' lang='lat' dir='ltr'>Furiarum</span> <span class='ocrx_word' id='word_1_215' title='bbox 1044 3535 1233 3614; x_wconf 88' lang='lat' dir='ltr'>quampiam,</span> <span class='ocrx_word' id='word_1_216' title='bbox 1251 3553 1282 3601; x_wconf 80' lang='lat'>30</span> 
     </span>
     <span class='ocr_line' id='line_1_32' title="bbox 242 3631 1236 3714; baseline 0 -22"><span class='ocrx_word' id='word_1_217' title='bbox 242 3641 339 3692; x_wconf 91' lang='lat' dir='ltr'>terret</span> <span class='ocrx_word' id='word_1_218' title='bbox 368 3631 525 3714; x_wconf 84' lang='lat' dir='ltr'>hospitem</span> <span class='ocrx_word' id='word_1_219' title='bbox 554 3633 658 3694; x_wconf 91' lang='lat' dir='ltr'>saevis</span> <span class='ocrx_word' id='word_1_220' title='bbox 686 3634 848 3713; x_wconf 85' lang='lat' dir='ltr'>gestibus:</span> <span class='ocrx_word' id='word_1_221' title='bbox 881 3633 1013 3712; x_wconf 89' lang='lat' dir='ltr'>capillos</span> <span class='ocrx_word' id='word_1_222' title='bbox 1040 3652 1117 3694; x_wconf 90' lang='lat' dir='ltr'>suos</span> <span class='ocrx_word' id='word_1_223' title='bbox 1145 3632 1236 3711; x_wconf 90' lang='lat' dir='ltr'>quasi</span> 
     </span>
     <span class='ocr_line' id='line_1_33' title="bbox 243 3729 1271 3814; baseline 0.001 -24"><span class='ocrx_word' id='word_1_224' title='bbox 243 3729 375 3790; x_wconf 84' lang='lat' dir='ltr'>totidem</span> <span class='ocrx_word' id='word_1_225' title='bbox 400 3751 521 3809; x_wconf 88' lang='lat' dir='ltr'>angues</span> <span class='ocrx_word' id='word_1_226' title='bbox 539 3731 653 3814; x_wconf 74' lang='lat' dir='ltr'>squatit,</span> <span class='ocrx_word' id='word_1_227' title='bbox 681 3731 799 3808; x_wconf 82' lang='lat' dir='ltr'>sibilat,</span> <span class='ocrx_word' id='word_1_228' title='bbox 820 3741 851 3792; x_wconf 91' lang='lat' dir='ltr'>et</span> <span class='ocrx_word' id='word_1_229' title='bbox 876 3752 1000 3811; x_wconf 87' lang='lat' dir='ltr'>ungues</span> <span class='ocrx_word' id='word_1_230' title='bbox 1027 3732 1160 3793; x_wconf 91' lang='lat' dir='ltr'>intentat</span> <span class='ocrx_word' id='word_1_231' title='bbox 1186 3731 1271 3803; x_wconf 54' lang='lat' dir='ltr'>adr-</span> 
     </span>
     <span class='ocr_line' id='line_1_34' title="bbox 243 3827 1238 3906; baseline 0.001 -18"><span class='ocrx_word' id='word_1_232' title='bbox 243 3827 461 3906; x_wconf 88' lang='lat' dir='ltr'>venientibus;</span> <span class='ocrx_word' id='word_1_233' title='bbox 484 3841 576 3892; x_wconf 85' lang='lat' dir='ltr'>nacta</span> <span class='ocrx_word' id='word_1_234' title='bbox 595 3851 672 3892; x_wconf 91' lang='lat' dir='ltr'>vero</span> <span class='ocrx_word' id='word_1_235' title='bbox 694 3831 839 3892; x_wconf 90' lang='lat' dir='ltr'>catellum</span> <span class='ocrx_word' id='word_1_236' title='bbox 854 3841 908 3890; x_wconf 91' lang='lat' dir='ltr'>aut</span> <span class='ocrx_word' id='word_1_237' title='bbox 925 3830 1059 3892; x_wconf 68' lang='lat' dir='ltr'>mricem</span> <span class='ocrx_word' id='word_1_238' title='bbox 1078 3829 1238 3890; x_wconf 80' lang='lat' dir='ltr'>excruciat</span> 
     </span>
    </p>
   </div>
   <div class='ocr_carea' id='block_1_3' title="bbox 0 0 1584 4575">
    <p class='ocr_par' dir='ltr' id='par_1_9' title="bbox 0 0 1584 4575">
     <span class='ocr_line' id='line_1_35' title="bbox 0 0 1584 4575; baseline 0 0"><span class='ocrx_word' id='word_1_239' title='bbox 0 0 1584 4575; x_wconf 95' lang='lat' dir='ltr'> </span> 
     </span>
    </p>
   </div>
  </div>
 </body>
</html>
