3142 4575
357 516 399 573 66
545 514 744 575 MUNDUS
772 515 928 577 ALTER
959 515 1016 576 ET
1047 515 1161 576 IDEM
1217 514 1296 597 [trs.
1312 534 1348 576 111

358 690 455 750 opera
466 670 630 732 facultates
641 692 648 747 ;
668 690 726 732 nec
738 654 918 750 intelligunt
930 691 966 733 se
977 674 1165 752 tempestive
1175 692 1195 733 a
1205 674 1349 751 praescio

358 769 486 830 numine
514 768 694 830 admonitos
718 779 762 847 ut,
783 767 943 831 Vulcania
967 770 1026 831 hac
1052 770 1164 833 fraude
1188 770 1250 832 iam
1276 790 1349 834 sero

357 877 474 949 spreta,
489 887 613 929 marrae
628 868 814 929 insudarent
828 888 865 929 ac
880 867 989 946 ligoni.

371 1093 466 1155 Sacr.
490 1111 518 1171 3.
565 1092 781 1153 Marnoroirs
806 1090 991 1152 Morourns
1014 1090 1333 1171 Fnruns,sc1urcar

639 1188 836 1250 ananms:
863 1187 1066 1251 Pnzzrvnin

400 1366 539 1428 Unsruu
562 1366 702 1427 omnium
725 1366 852 1428 domina
870 1363 1040 1429 Pazzivilla
1061 1376 1120 1443 est,
1139 1366 1200 1429 sita
1220 1367 1348 1447 quidem

329 1464 469 1547 5partim
490 1465 521 1525 in
541 1464 671 1544 planitie
689 1464 848 1544 uliginosa
864 1475 896 1527 et
917 1466 1062 1545 palustri,
1082 1466 1197 1546 partim
1218 1486 1295 1528 vero
1315 1464 1349 1527 in

356 1564 473 1626 montis
486 1563 632 1625 editioris
646 1564 754 1625 latere.

399 1661 548 1724 Montosa
576 1682 650 1741 pars
677 1643 764 1723 valli'
779 1663 884 1723 nivem
912 1664 1100 1743 suppeditat,
1129 1662 1222 1723 vallis
1249 1661 1349 1723 monti

353 1781 469 1842 aquarn
485 1760 517 1821 in
532 1759 636 1839 puteis
651 1759 836 1839 stagnisque
851 1760 970 1822 diutius
985 1771 1187 1823 reservatam.

400 1856 512 1920 Portas
547 1858 642 1919 habet
670 1857 819 1929 sedecim,
850 1878 929 1937 quas
960 1878 998 1919 eo
1027 1858 1161 1920 consilio
1193 1858 1350 1919 struxisse

317 1954 445 2017 ioaiunt
466 1956 652 2018 fundatores
673 1967 707 2017 ut
727 1955 910 2035 quadruplo
932 1956 1080 2017 ditiorem
1102 1955 1173 2017 aliis
1194 1956 1349 2018 haberent

357 2054 523 2119 civitatem.
911 2055 914 2060 ’
1300 2123 1304 2131 ,

399 2152 514 2215 Forma
535 2174 599 2215 non
619 2154 755 2229 rotunda
774 2153 831 2214 sed
852 2152 892 2214 ad
909 2151 1044 2232 effigiem
1059 2152 1189 2215 humani
1206 2153 1350 2233 corporis

357 2253 539 2332 composita.
1150 2265 1154 2272 '

399 2351 436 2412 ln
452 2351 522 2430 ipso
537 2352 654 2413 montis
669 2353 784 2414 vertice
800 2351 901 2412 sorum
916 2351 1108 2427 collocatur;
1129 2349 1249 2428 quippe
1263 2346 1349 2428 quod

315 2480 343 2530 15
357 2459 450 2528 caput
471 2449 557 2511 urbis
579 2461 636 2524 est,
653 2469 845 2527 sensumque
866 2458 897 2508 et
916 2448 1011 2509 vitam
1033 2447 1163 2526 reliquis
1183 2446 1348 2508 ministrat.

358 2547 449 2622 Quae
469 2568 520 2608 res
541 2557 693 2626 quantum
714 2547 832 2608 laboris
853 2545 988 2608 facessat
1010 2547 1136 2624 baiulis,
1151 2546 1227 2606 dum
1249 2544 1350 2625 supel-

357 2645 491 2707 lectilem
514 2665 742 2724 quamcunque,
764 2644 951 2724 praesertim
974 2645 1059 2706 dolia
1081 2643 1255 2705 maiuscula
1276 2643 1350 2704 vino
1422 2698 1424 2704 ,

356 2744 406 2805 vel
436 2743 569 2806 cervisia
598 2743 700 2822 plena,
727 2752 839 2804 contra
867 2742 989 2804 declive
1018 2743 1108 2804 collis
1135 2743 1268 2803 dorsum
1297 2741 1350 2802 im·

358 2842 488 2921 pellunt,
501 2842 651 2916 coniecta,
667 2841 791 2917 Lector,
806 2850 837 2902 et
852 2840 930 2901 ride.
970 2840 1138 2902 Videreris
1153 2839 1210 2901 tibi
1224 2848 1351 2900 centum
1384 2861 1388 2868 ’

315 2970 346 3006 20
357 2940 466 3002 videre
491 2939 658 3020 Sisyphus
681 2959 763 3001 vano
790 2939 862 3001 nisu
889 2959 1001 3001 saxum
1022 2939 1268 3018 provolventes:
1296 2937 1350 3016 qui

358 3038 503 3100 fortassis
517 3038 571 3098 ubi
587 3039 627 3099 ad
643 3038 827 3099 umbilicum
840 3058 942 3118 usque
957 3037 1081 3113 montis,
1096 3057 1213 3116 magno
1225 3045 1349 3110 conatu,

358 3137 465 3198 anheli
476 3138 692 3217 sudantesque
704 3137 912 3213 ascenderint,
925 3137 1055 3199 alterius
1067 3135 1143 3197 dolii
1153 3132 1352 3196 decurrentis

359 3235 626 3314 impetuosissimo
642 3256 798 3298 concursu
814 3256 878 3297 non
894 3235 963 3297 sine
977 3235 1119 3315 periculo
1136 3232 1341 3312 repelluntur.

402 3334 466 3395 Hic
492 3333 632 3396 habitant
653 3333 832 3414 gravissimi
854 3345 886 3394 et
906 3332 1142 3395 honoratissimi
1166 3340 1350 3405 senatores3

315 3453 346 3502 25
360 3433 412 3514 qui
435 3433 515 3507 hinc,
536 3433 621 3494 velut
644 3453 661 3494 e
683 3432 820 3512 specula,
843 3441 940 3493 totam
961 3433 1072 3492 urbem
1095 3427 1352 3490 commodissime

359 3543 492 3612 possunt
506 3532 631 3594 intueri.

400 3629 516 3692 Cervix
536 3631 609 3692 huic
632 3631 778 3692 adiuncta
798 3639 847 3690 est
861 3629 984 3689 viculus
1005 3627 1111 3689 brevis
1133 3637 1164 3688 et
1186 3633 1351 3702 angustus,

359 3729 501 3790 lictorum
517 3730 612 3792 sedes
628 3739 658 3790 et
674 3729 881 3790 bedellorum.

402 3829 463 3889 Pro
487 3839 598 3888 trunco
618 3827 711 3888 huius
731 3826 829 3886 urbici
852 3824 997 3902 corporis
1019 3825 1123 3903 platea
1144 3824 1236 3885 latior
1255 3825 1350 3904 paulo
