<?xml version="1.0" encoding="UTF-8"?>
<!DOCTYPE html PUBLIC "-//W3C//DTD XHTML 1.0 Transitional//EN"
    "http://www.w3.org/TR/xhtml1/DTD/xhtml1-transitional.dtd">
<html xmlns="http://www.w3.org/1999/xhtml" xml:lang="en" lang="en">
 <head>
  <title>
</title>
<meta http-equiv="Content-Type" content="text/html;charset=utf-8" />
  <meta name='ocr-system' content='tesseract 3.04.00' />
  <meta name='ocr-capabilities' content='ocr_page ocr_carea ocr_par ocr_line ocrx_word'/>
</head>
<body>
  <div class='ocr_page' id='page_1' title='image "./mundusalteretid00andegoog_0028.png"; bbox 0 0 3142 4575; ppageno 0'>
   <div class='ocr_carea' id='block_1_1' title="bbox 256 493 1254 585">
    <p class='ocr_par' dir='ltr' id='par_1_1' title="bbox 256 493 1254 585">
     <span class='ocr_line' id='line_1_1' title="bbox 256 493 1254 585; baseline -0.003 -20"><span class='ocrx_word' id='word_1_1' title='bbox 256 524 328 565; x_wconf 77' lang='lat' dir='ltr'>cnr.</span> <span class='ocrx_word' id='word_1_2' title='bbox 346 503 393 585; x_wconf 77' lang='grc' dir='ltr'>ιν]</span> <span class='ocrx_word' id='word_1_3' title='bbox 517 493 522 499; x_wconf 64' lang='grc'><em>’</em></span> <span class='ocrx_word' id='word_1_4' title='bbox 637 501 873 564; x_wconf 83' lang='lat' dir='ltr'>CRAPULIA</span> <span class='ocrx_word' id='word_1_5' title='bbox 1233 521 1254 577; x_wconf 93' lang='lat'>9</span> 
     </span>
    </p>
   </div>
   <div class='ocr_carea' id='block_1_2' title="bbox 255 657 1351 3890">
    <p class='ocr_par' dir='ltr' id='par_1_2' title="bbox 255 657 1280 1233">
     <span class='ocr_line' id='line_1_2' title="bbox 300 657 1253 739; baseline -0.004 -16"><span class='ocrx_word' id='word_1_6' title='bbox 300 661 387 723; x_wconf 90' lang='lat' dir='ltr'>Urbs</span> <span class='ocrx_word' id='word_1_7' title='bbox 416 681 479 722; x_wconf 94' lang='lat' dir='ltr'>non</span> <span class='ocrx_word' id='word_1_8' title='bbox 504 672 567 723; x_wconf 92' lang='lat' dir='ltr'>tam</span> <span class='ocrx_word' id='word_1_9' title='bbox 597 661 727 739; x_wconf 87' lang='lat' dir='ltr'><strong>elegans</strong></span> <span class='ocrx_word' id='word_1_10' title='bbox 753 678 848 738; x_wconf 88' lang='lat' dir='ltr'>quam</span> <span class='ocrx_word' id='word_1_11' title='bbox 877 678 999 737; x_wconf 85' lang='lat' dir='ltr'>magna,</span> <span class='ocrx_word' id='word_1_12' title='bbox 1027 657 1148 719; x_wconf 91' lang='lat' dir='ltr'>munita</span> <span class='ocrx_word' id='word_1_13' title='bbox 1175 657 1253 719; x_wconf 90' lang='lat' dir='ltr'>satis</span> 
     </span>
     <span class='ocr_line' id='line_1_3' title="bbox 257 755 1253 839; baseline -0.004 -19"><span class='ocrx_word' id='word_1_14' title='bbox 257 760 345 822; x_wconf 88' lang='lat' dir='ltr'>sossa</span> <span class='ocrx_word' id='word_1_15' title='bbox 359 758 487 839; x_wconf 92' lang='lat' dir='ltr'>quidem</span> <span class='ocrx_word' id='word_1_16' title='bbox 508 759 570 819; x_wconf 90' lang='lat' dir='ltr'>lata</span> <span class='ocrx_word' id='word_1_17' title='bbox 591 770 622 820; x_wconf 90' lang='lat' dir='ltr'>et</span> <span class='ocrx_word' id='word_1_18' title='bbox 642 755 801 836; x_wconf 80' lang='lat' dir='ltr'>profunda</span> <span class='ocrx_word' id='word_1_19' title='bbox 823 756 975 835; x_wconf 89' lang='lat' dir='ltr'>perennis</span> <span class='ocrx_word' id='word_1_20' title='bbox 996 776 1109 835; x_wconf 91' lang='lat' dir='ltr'>aquae,</span> <span class='ocrx_word' id='word_1_21' title='bbox 1124 775 1204 835; x_wconf 89' lang='lat' dir='ltr'>quae</span> <span class='ocrx_word' id='word_1_22' title='bbox 1222 765 1253 816; x_wconf 92' lang='lat' dir='ltr'>et</span> 
     </span>
     <span class='ocr_line' id='line_1_4' title="bbox 256 853 1253 936; baseline -0.005 -16"><span class='ocrx_word' id='word_1_23' title='bbox 256 878 368 921; x_wconf 94' lang='lat' dir='ltr'>omnes</span> <span class='ocrx_word' id='word_1_24' title='bbox 383 856 449 919; x_wconf 82' lang='lat' dir='ltr'>sere</span> <span class='ocrx_word' id='word_1_25' title='bbox 471 856 559 918; x_wconf 93' lang='lat' dir='ltr'>urbis</span> <span class='ocrx_word' id='word_1_26' title='bbox 581 856 702 936; x_wconf 87' lang='lat' dir='ltr'>plateas</span> <span class='ocrx_word' id='word_1_27' title='bbox 725 854 866 916; x_wconf 87' lang='lat' dir='ltr'>interluit</span> <span class='ocrx_word' id='word_1_28' title='bbox 878 876 887 931; x_wconf 90' lang='lat'>;</span> <span class='ocrx_word' id='word_1_29' title='bbox 910 853 942 915; x_wconf 93' lang='lat' dir='ltr'>in</span> <span class='ocrx_word' id='word_1_30' title='bbox 964 874 1027 934; x_wconf 90' lang='lat' dir='ltr'>qua</span> <span class='ocrx_word' id='word_1_31' title='bbox 1040 854 1126 915; x_wconf 88' lang='lat' dir='ltr'>mille</span> <span class='ocrx_word' id='word_1_32' title='bbox 1140 873 1253 916; x_wconf 90' lang='lat' dir='ltr'>cernas</span> 
     </span>
     <span class='ocr_line' id='line_1_5' title="bbox 256 951 1251 1037; baseline -0.007 -19"><span class='ocrx_word' id='word_1_33' title='bbox 256 956 432 1037; x_wconf 86' lang='lat' dir='ltr'>aequaliter</span> <span class='ocrx_word' id='word_1_34' title='bbox 466 955 568 1017; x_wconf 88' lang='lat' dir='ltr'>divisa</span> <span class='ocrx_word' id='word_1_35' title='bbox 602 953 736 1033; x_wconf 89' lang='lat' dir='ltr'>piscium</span> <span class='ocrx_word' id='word_1_36' title='bbox 769 952 898 1027; x_wconf 88' lang='lat' dir='ltr'>vivaria,</span> <span class='ocrx_word' id='word_1_37' title='bbox 933 952 983 1013; x_wconf 93' lang='lat' dir='ltr'>cui</span> <span class='ocrx_word' id='word_1_38' title='bbox 1019 952 1113 1015; x_wconf 90' lang='lat' dir='ltr'>etiam</span> <span class='ocrx_word' id='word_1_39' title='bbox 1148 951 1251 1032; x_wconf 83' lang='lat' dir='ltr'>cygni,</span> 
     </span>
     <span class='ocr_line' id='line_1_6' title="bbox 256 1050 1280 1135; baseline -0.004 -20"><span class='ocrx_word' id='word_1_40' title='bbox 256 1065 374 1131; x_wconf 86' lang='lat' dir='ltr'>anates,</span> <span class='ocrx_word' id='word_1_41' title='bbox 392 1054 500 1135; x_wconf 85' lang='lat' dir='ltr'>mergi,</span> <span class='ocrx_word' id='word_1_42' title='bbox 520 1052 678 1128; x_wconf 89' lang='lat' dir='ltr'>ardeolae,</span> <span class='ocrx_word' id='word_1_43' title='bbox 695 1050 942 1132; x_wconf 90' lang='lat' dir='ltr'>querquedulae,</span> <span class='ocrx_word' id='word_1_44' title='bbox 956 1062 987 1114; x_wconf 92' lang='lat' dir='ltr'>et</span> <span class='ocrx_word' id='word_1_45' title='bbox 1007 1060 1160 1131; x_wconf 88' lang='lat' dir='ltr'>quotquot</span> <span class='ocrx_word' id='word_1_46' title='bbox 1171 1071 1280 1131; x_wconf 78' lang='lat' dir='ltr'>aqua5</span> 
     </span>
     <span class='ocr_line' id='line_1_7' title="bbox 255 1153 702 1233; baseline -0.002 -19"><span class='ocrx_word' id='word_1_47' title='bbox 255 1153 356 1214; x_wconf 91' lang='lat' dir='ltr'>nutrit</span> <span class='ocrx_word' id='word_1_48' title='bbox 370 1154 469 1228; x_wconf 78' lang='lat' dir='ltr'>alites</span> <span class='ocrx_word' id='word_1_49' title='bbox 487 1160 702 1233; x_wconf 84' lang='lat' dir='ltr'>supernatant.</span> 
     </span>
    </p>

    <p class='ocr_par' dir='ltr' id='par_1_3' title="bbox 256 1247 1299 1919">
     <span class='ocr_line' id='line_1_8' title="bbox 300 1247 1254 1313; baseline -0.004 -1"><span class='ocrx_word' id='word_1_50' title='bbox 300 1250 392 1313; x_wconf 89' lang='lat' dir='ltr'>Haec</span> <span class='ocrx_word' id='word_1_51' title='bbox 428 1262 531 1313; x_wconf 86' lang='lat' dir='ltr'>autern</span> <span class='ocrx_word' id='word_1_52' title='bbox 568 1250 655 1312; x_wconf 86' lang='lat' dir='ltr'>sossa</span> <span class='ocrx_word' id='word_1_53' title='bbox 692 1248 838 1313; x_wconf 88' lang='lat' dir='ltr'>Gruessa</span> <span class='ocrx_word' id='word_1_54' title='bbox 873 1248 995 1311; x_wconf 86' lang='lat' dir='ltr'>dicitur.</span> <span class='ocrx_word' id='word_1_55' title='bbox 1062 1247 1175 1311; x_wconf 90' lang='lat' dir='ltr'>Muros</span> <span class='ocrx_word' id='word_1_56' title='bbox 1209 1248 1254 1308; x_wconf 92' lang='lat' dir='ltr'>illi</span> 
     </span>
     <span class='ocr_line' id='line_1_9' title="bbox 257 1345 1255 1427; baseline -0.003 -17"><span class='ocrx_word' id='word_1_57' title='bbox 257 1350 415 1411; x_wconf 87' lang='lat' dir='ltr'>ministrat</span> <span class='ocrx_word' id='word_1_58' title='bbox 459 1347 603 1427; x_wconf 84' lang='lat' dir='ltr'>duplices</span> <span class='ocrx_word' id='word_1_59' title='bbox 650 1346 821 1426; x_wconf 87' lang='lat' dir='ltr'>benignior</span> <span class='ocrx_word' id='word_1_60' title='bbox 865 1346 1000 1419; x_wconf 90' lang='lat' dir='ltr'>laniena,</span> <span class='ocrx_word' id='word_1_61' title='bbox 1044 1365 1084 1406; x_wconf 88' lang='lat' dir='ltr'>ex</span> <span class='ocrx_word' id='word_1_62' title='bbox 1128 1345 1255 1407; x_wconf 91' lang='lat' dir='ltr'>ossibus</span> 
     </span>
     <span class='ocr_line' id='line_1_10' title="bbox 257 1442 1255 1529; baseline -0.004 -20"><span class='ocrx_word' id='word_1_63' title='bbox 257 1468 417 1529; x_wconf 89' lang='lat' dir='ltr'>pecorum,</span> <span class='ocrx_word' id='word_1_64' title='bbox 435 1466 516 1526; x_wconf 90' lang='lat' dir='ltr'>quae</span> <span class='ocrx_word' id='word_1_65' title='bbox 530 1454 706 1507; x_wconf 86' lang='lat' dir='ltr'>mactantur</span> <span class='ocrx_word' id='word_1_66' title='bbox 720 1444 833 1520; x_wconf 77' lang='lat' dir='ltr'>indieS,</span> <span class='ocrx_word' id='word_1_67' title='bbox 851 1443 895 1505; x_wconf 90' lang='lat' dir='ltr'>ita</span> <span class='ocrx_word' id='word_1_68' title='bbox 910 1442 1071 1522; x_wconf 90' lang='lat' dir='ltr'>dispositis</span> <span class='ocrx_word' id='word_1_69' title='bbox 1086 1455 1120 1504; x_wconf 90' lang='lat' dir='ltr'>ut</span> <span class='ocrx_word' id='word_1_70' title='bbox 1134 1444 1255 1505; x_wconf 88' lang='lat' dir='ltr'>maiora</span> 
     </span>
     <span class='ocr_line' id='line_1_11' title="bbox 257 1542 1299 1617; baseline -0.006 -11"><span class='ocrx_word' id='word_1_71' title='bbox 257 1545 422 1607; x_wconf 93' lang='lat' dir='ltr'>tibicinum</span> <span class='ocrx_word' id='word_1_72' title='bbox 438 1545 508 1606; x_wconf 88' lang='lat' dir='ltr'>loco</span> <span class='ocrx_word' id='word_1_73' title='bbox 531 1554 629 1605; x_wconf 90' lang='lat' dir='ltr'>totam</span> <span class='ocrx_word' id='word_1_74' title='bbox 651 1542 766 1605; x_wconf 93' lang='lat' dir='ltr'>molem</span> <span class='ocrx_word' id='word_1_75' title='bbox 790 1542 975 1617; x_wconf 87' lang='lat' dir='ltr'>sustineant,</span> <span class='ocrx_word' id='word_1_76' title='bbox 993 1542 1116 1603; x_wconf 90' lang='lat' dir='ltr'>minora</span> <span class='ocrx_word' id='word_1_77' title='bbox 1137 1542 1254 1604; x_wconf 89' lang='lat' dir='ltr'>deinde</span> <span class='ocrx_word' id='word_1_78' title='bbox 1268 1564 1299 1601; x_wconf 85' lang='lat'>10</span> 
     </span>
     <span class='ocr_line' id='line_1_12' title="bbox 257 1639 1253 1724; baseline -0.004 -19"><span class='ocrx_word' id='word_1_79' title='bbox 257 1654 526 1724; x_wconf 90' lang='lat' dir='ltr'>superstruantur,</span> <span class='ocrx_word' id='word_1_80' title='bbox 553 1642 682 1703; x_wconf 89' lang='lat' dir='ltr'>minima</span> <span class='ocrx_word' id='word_1_81' title='bbox 708 1660 786 1703; x_wconf 94' lang='lat' dir='ltr'>vero</span> <span class='ocrx_word' id='word_1_82' title='bbox 812 1640 951 1702; x_wconf 91' lang='lat' dir='ltr'>medium</span> <span class='ocrx_word' id='word_1_83' title='bbox 982 1639 1013 1701; x_wconf 95' lang='lat' dir='ltr'>in</span> <span class='ocrx_word' id='word_1_84' title='bbox 1042 1640 1145 1701; x_wconf 90' lang='lat' dir='ltr'>locum</span> <span class='ocrx_word' id='word_1_85' title='bbox 1169 1660 1253 1701; x_wconf 93' lang='lat' dir='ltr'>coar-</span> 
     </span>
     <span class='ocr_line' id='line_1_13' title="bbox 256 1736 1253 1820; baseline -0.004 -16"><span class='ocrx_word' id='word_1_86' title='bbox 256 1752 389 1817; x_wconf 91' lang='lat' dir='ltr'>ctentur,</span> <span class='ocrx_word' id='word_1_87' title='bbox 414 1741 582 1820; x_wconf 83' lang='lat' dir='ltr'>omniaque</span> <span class='ocrx_word' id='word_1_88' title='bbox 611 1749 775 1801; x_wconf 88' lang='lat' dir='ltr'>caemento</span> <span class='ocrx_word' id='word_1_89' title='bbox 805 1759 845 1800; x_wconf 85' lang='lat' dir='ltr'>ex</span> <span class='ocrx_word' id='word_1_90' title='bbox 881 1757 1013 1799; x_wconf 91' lang='lat' dir='ltr'>ovorum</span> <span class='ocrx_word' id='word_1_91' title='bbox 1042 1736 1253 1800; x_wconf 91' lang='lat' dir='ltr'>albuminibus</span> 
     </span>
     <span class='ocr_line' id='line_1_14' title="bbox 257 1836 932 1919; baseline -0.006 -17"><span class='ocrx_word' id='word_1_92' title='bbox 257 1842 400 1903; x_wconf 87' lang='lat' dir='ltr'>confecto</span> <span class='ocrx_word' id='word_1_93' title='bbox 422 1838 666 1919; x_wconf 89' lang='lat' dir='ltr'>compingantur</span> <span class='ocrx_word' id='word_1_94' title='bbox 687 1838 768 1899; x_wconf 94' lang='lat' dir='ltr'>miro</span> <span class='ocrx_word' id='word_1_95' title='bbox 790 1836 932 1898; x_wconf 89' lang='lat' dir='ltr'>artificio.</span> 
     </span>
    </p>

    <p class='ocr_par' dir='ltr' id='par_1_4' title="bbox 257 1934 1298 2492">
     <span class='ocr_line' id='line_1_15' title="bbox 298 1934 1252 2017; baseline -0.004 -17"><span class='ocrx_word' id='word_1_96' title='bbox 298 1940 406 2000; x_wconf 86' lang='lat' dir='ltr'>Aedes</span> <span class='ocrx_word' id='word_1_97' title='bbox 429 1958 486 2000; x_wconf 92' lang='lat' dir='ltr'>nec</span> <span class='ocrx_word' id='word_1_98' title='bbox 502 1937 667 2017; x_wconf 86' lang='lat' dir='ltr'>pulchrae,</span> <span class='ocrx_word' id='word_1_99' title='bbox 686 1955 753 2012; x_wconf 89' lang='lat' dir='ltr'>nec,</span> <span class='ocrx_word' id='word_1_100' title='bbox 772 1955 831 2015; x_wconf 91' lang='lat' dir='ltr'>pro</span> <span class='ocrx_word' id='word_1_101' title='bbox 853 1934 987 1996; x_wconf 89' lang='lat' dir='ltr'>aliarum</span> <span class='ocrx_word' id='word_1_102' title='bbox 1007 1935 1132 1996; x_wconf 91' lang='lat' dir='ltr'>urbium</span> <span class='ocrx_word' id='word_1_103' title='bbox 1154 1955 1252 2012; x_wconf 92' lang='lat' dir='ltr'>more,</span> 
     </span>
     <span class='ocr_line' id='line_1_16' title="bbox 257 2034 1298 2109; baseline -0.004 -10"><span class='ocrx_word' id='word_1_104' title='bbox 257 2036 353 2099; x_wconf 90' lang='lat' dir='ltr'>altius</span> <span class='ocrx_word' id='word_1_105' title='bbox 368 2046 576 2098; x_wconf 89' lang='lat' dir='ltr'>constructae.</span> <span class='ocrx_word' id='word_1_106' title='bbox 603 2034 732 2095; x_wconf 87' lang='lat' dir='ltr'>Gradus</span> <span class='ocrx_word' id='word_1_107' title='bbox 743 2053 808 2095; x_wconf 93' lang='lat' dir='ltr'>non</span> <span class='ocrx_word' id='word_1_108' title='bbox 820 2044 940 2109; x_wconf 88' lang='lat' dir='ltr'>curant,</span> <span class='ocrx_word' id='word_1_109' title='bbox 954 2054 1019 2094; x_wconf 94' lang='lat' dir='ltr'>non</span> <span class='ocrx_word' id='word_1_110' title='bbox 1030 2035 1136 2095; x_wconf 83' lang='lat' dir='ltr'>ferunt</span> <span class='ocrx_word' id='word_1_111' title='bbox 1147 2034 1233 2095; x_wconf 93' lang='lat' dir='ltr'>cives</span> <span class='ocrx_word' id='word_1_112' title='bbox 1246 2057 1253 2095; x_wconf 90' lang='lat'>:</span> <span class='ocrx_word' id='word_1_113' title='bbox 1268 2052 1298 2108; x_wconf 72' lang='lat'>15</span> 
     </span>
     <span class='ocr_line' id='line_1_17' title="bbox 258 2130 1251 2215; baseline -0.005 -19"><span class='ocrx_word' id='word_1_114' title='bbox 258 2136 373 2215; x_wconf 88' lang='lat' dir='ltr'>partim</span> <span class='ocrx_word' id='word_1_115' title='bbox 395 2137 436 2196; x_wconf 93' lang='lat' dir='ltr'>ob</span> <span class='ocrx_word' id='word_1_116' title='bbox 458 2132 651 2195; x_wconf 89' lang='lat' dir='ltr'>ascendendi</span> <span class='ocrx_word' id='word_1_117' title='bbox 674 2131 822 2206; x_wconf 88' lang='lat' dir='ltr'>taedium,</span> <span class='ocrx_word' id='word_1_118' title='bbox 840 2130 963 2211; x_wconf 89' lang='lat' dir='ltr'>partim,</span> <span class='ocrx_word' id='word_1_119' title='bbox 980 2131 1033 2192; x_wconf 92' lang='lat' dir='ltr'>ubi</span> <span class='ocrx_word' id='word_1_120' title='bbox 1055 2132 1251 2211; x_wconf 88' lang='lat' dir='ltr'>praesertim,</span> 
     </span>
     <span class='ocr_line' id='line_1_18' title="bbox 258 2229 1252 2315; baseline -0.002 -19"><span class='ocrx_word' id='word_1_121' title='bbox 258 2234 344 2315; x_wconf 90' lang='lat' dir='ltr'>quod</span> <span class='ocrx_word' id='word_1_122' title='bbox 360 2232 473 2308; x_wconf 90' lang='lat' dir='ltr'>solent,</span> <span class='ocrx_word' id='word_1_123' title='bbox 490 2231 589 2313; x_wconf 94' lang='lat' dir='ltr'>probe</span> <span class='ocrx_word' id='word_1_124' title='bbox 610 2230 755 2311; x_wconf 91' lang='lat' dir='ltr'>potarint,</span> <span class='ocrx_word' id='word_1_125' title='bbox 774 2231 815 2291; x_wconf 93' lang='lat' dir='ltr'>ob</span> <span class='ocrx_word' id='word_1_126' title='bbox 836 2229 1053 2292; x_wconf 91' lang='lat' dir='ltr'>descendendi</span> <span class='ocrx_word' id='word_1_127' title='bbox 1069 2230 1252 2311; x_wconf 89' lang='lat' dir='ltr'>periculum.</span> 
     </span>
     <span class='ocr_line' id='line_1_19' title="bbox 262 2329 1253 2410; baseline -0.001 -17"><span class='ocrx_word' id='word_1_128' title='bbox 262 2331 340 2394; x_wconf 93' lang='lat' dir='ltr'>Illae</span> <span class='ocrx_word' id='word_1_129' title='bbox 368 2351 481 2394; x_wconf 90' lang='lat' dir='ltr'>omnes</span> <span class='ocrx_word' id='word_1_130' title='bbox 509 2329 675 2392; x_wconf 89' lang='lat' dir='ltr'>latioribus</span> <span class='ocrx_word' id='word_1_131' title='bbox 708 2329 881 2391; x_wconf 89' lang='lat' dir='ltr'>bestiarum</span> <span class='ocrx_word' id='word_1_132' title='bbox 912 2329 1051 2410; x_wconf 90' lang='lat' dir='ltr'>scapulis</span> <span class='ocrx_word' id='word_1_133' title='bbox 1076 2330 1253 2410; x_wconf 86' lang='lat' dir='ltr'>tegularum</span> 
     </span>
     <span class='ocr_line' id='line_1_20' title="bbox 258 2429 662 2492; baseline -0.002 -2"><span class='ocrx_word' id='word_1_134' title='bbox 258 2430 329 2492; x_wconf 92' lang='lat' dir='ltr'>loco</span> <span class='ocrx_word' id='word_1_135' title='bbox 351 2429 470 2490; x_wconf 84' lang='lat' dir='ltr'>affabre</span> <span class='ocrx_word' id='word_1_136' title='bbox 491 2439 662 2490; x_wconf 90' lang='lat' dir='ltr'>contectae.</span> 
     </span>
    </p>

    <p class='ocr_par' dir='ltr' id='par_1_5' title="bbox 257 2527 1351 3890">
     <span class='ocr_line' id='line_1_21' title="bbox 304 2527 1299 2608; baseline -0.004 -21"><span class='ocrx_word' id='word_1_137' title='bbox 304 2527 410 2590; x_wconf 91' lang='lat' dir='ltr'>Urbes</span> <span class='ocrx_word' id='word_1_138' title='bbox 432 2548 541 2590; x_wconf 89' lang='lat' dir='ltr'>eorum</span> <span class='ocrx_word' id='word_1_139' title='bbox 566 2527 671 2588; x_wconf 90' lang='lat' dir='ltr'>nullos</span> <span class='ocrx_word' id='word_1_140' title='bbox 696 2538 874 2607; x_wconf 85' lang='lat' dir='ltr'>agnoscunt</span> <span class='ocrx_word' id='word_1_141' title='bbox 896 2527 981 2590; x_wconf 92' lang='lat' dir='ltr'>cives</span> <span class='ocrx_word' id='word_1_142' title='bbox 1006 2528 1068 2590; x_wconf 93' lang='lat' dir='ltr'>nisi</span> <span class='ocrx_word' id='word_1_143' title='bbox 1090 2528 1143 2608; x_wconf 92' lang='lat' dir='ltr'>qui</span> <span class='ocrx_word' id='word_1_144' title='bbox 1165 2549 1252 2591; x_wconf 81' lang='lat' dir='ltr'>men·</span> <span class='ocrx_word' id='word_1_145' title='bbox 1268 2549 1299 2584; x_wconf 81' lang='lat'>20</span> 
     </span>
     <span class='ocr_line' id='line_1_22' title="bbox 258 2626 1250 2706; baseline 0.001 -19"><span class='ocrx_word' id='word_1_146' title='bbox 258 2645 326 2687; x_wconf 92' lang='lat' dir='ltr'>sam</span> <span class='ocrx_word' id='word_1_147' title='bbox 341 2636 486 2705; x_wconf 90' lang='lat' dir='ltr'>spectant</span> <span class='ocrx_word' id='word_1_148' title='bbox 507 2627 735 2706; x_wconf 89' lang='lat' dir='ltr'>quadantenus.</span> <span class='ocrx_word' id='word_1_149' title='bbox 779 2626 956 2706; x_wconf 81' lang='lat' dir='ltr'>Agricolae,</span> <span class='ocrx_word' id='word_1_150' title='bbox 975 2627 1063 2703; x_wconf 91' lang='lat' dir='ltr'>fabri,</span> <span class='ocrx_word' id='word_1_151' title='bbox 1080 2627 1250 2702; x_wconf 92' lang='lat' dir='ltr'>molitores,</span> 
     </span>
     <span class='ocr_line' id='line_1_23' title="bbox 258 2710 1351 2804; baseline 0.001 -20"><span class='ocrx_word' id='word_1_152' title='bbox 258 2722 343 2800; x_wconf 88' lang='lat' dir='ltr'>lanii,</span> <span class='ocrx_word' id='word_1_153' title='bbox 365 2723 397 2783; x_wconf 94' lang='lat' dir='ltr'>in</span> <span class='ocrx_word' id='word_1_154' title='bbox 419 2723 599 2804; x_wconf 90' lang='lat' dir='ltr'>municipiis</span> <span class='ocrx_word' id='word_1_155' title='bbox 620 2723 771 2802; x_wconf 89' lang='lat' dir='ltr'>habitant,</span> <span class='ocrx_word' id='word_1_156' title='bbox 794 2724 848 2804; x_wconf 92' lang='lat' dir='ltr'>qui</span> <span class='ocrx_word' id='word_1_157' title='bbox 869 2736 974 2787; x_wconf 89' lang='lat' dir='ltr'>tamen</span> <span class='ocrx_word' id='word_1_158' title='bbox 996 2726 1049 2787; x_wconf 94' lang='lat' dir='ltr'>ubi</span> <span class='ocrx_word' id='word_1_159' title='bbox 1071 2727 1112 2787; x_wconf 91' lang='lat' dir='ltr'>ad</span> <span class='ocrx_word' id='word_1_160' title='bbox 1135 2736 1252 2787; x_wconf 89' lang='lat' dir='ltr'>certam</span> <span class='ocrx_word' id='word_1_161' title='bbox 1345 2710 1351 2722; x_wconf 69' lang='grc'><strong><em>’</em></strong></span> 
     </span>
     <span class='ocr_line' id='line_1_24' title="bbox 258 2821 1251 2907; baseline 0.002 -25"><span class='ocrx_word' id='word_1_162' title='bbox 258 2821 378 2883; x_wconf 90' lang='lat' dir='ltr'>ventris</span> <span class='ocrx_word' id='word_1_163' title='bbox 400 2823 516 2907; x_wconf 87' lang='lat' dir='ltr'>molem</span> <span class='ocrx_word' id='word_1_164' title='bbox 539 2822 745 2897; x_wconf 88' lang='lat' dir='ltr'>excreverint,</span> <span class='ocrx_word' id='word_1_165' title='bbox 771 2836 999 2902; x_wconf 88' lang='lat' dir='ltr'>promoventur</span> <span class='ocrx_word' id='word_1_166' title='bbox 1019 2824 1051 2885; x_wconf 91' lang='lat' dir='ltr'>in</span> <span class='ocrx_word' id='word_1_167' title='bbox 1073 2824 1251 2901; x_wconf 78' lang='lat' dir='ltr'>civitatem,</span> 
     </span>
     <span class='ocr_line' id='line_1_25' title="bbox 258 2918 1248 3003; baseline 0.003 -24"><span class='ocrx_word' id='word_1_168' title='bbox 258 2918 291 2980; x_wconf 93' lang='lat' dir='ltr'>in</span> <span class='ocrx_word' id='word_1_169' title='bbox 326 2939 420 2998; x_wconf 90' lang='lat' dir='ltr'>quam</span> <span class='ocrx_word' id='word_1_170' title='bbox 451 2939 545 2982; x_wconf 91' lang='lat' dir='ltr'>nemo</span> <span class='ocrx_word' id='word_1_171' title='bbox 580 2919 754 2981; x_wconf 90' lang='lat' dir='ltr'>admittitur</span> <span class='ocrx_word' id='word_1_172' title='bbox 780 2920 935 3000; x_wconf 91' lang='lat' dir='ltr'>primitus,</span> <span class='ocrx_word' id='word_1_173' title='bbox 965 2933 1093 3003; x_wconf 90' lang='lat' dir='ltr'>praeter</span> <span class='ocrx_word' id='word_1_174' title='bbox 1120 2941 1248 3002; x_wconf 90' lang='lat' dir='ltr'>coquos,</span> 
     </span>
     <span class='ocr_line' id='line_1_26' title="bbox 257 3017 1297 3099; baseline 0.007 -23"><span class='ocrx_word' id='word_1_175' title='bbox 257 3017 404 3096; x_wconf 73' lang='lat' dir='ltr'>pistores</span> <span class='ocrx_word' id='word_1_176' title='bbox 422 3038 584 3099; x_wconf 88' lang='lat' dir='ltr'>caupones</span> <span class='ocrx_word' id='word_1_177' title='bbox 605 3029 637 3080; x_wconf 92' lang='lat' dir='ltr'>et</span> <span class='ocrx_word' id='word_1_178' title='bbox 657 3019 865 3096; x_wconf 86' lang='lat' dir='ltr'>gravissimos</span> <span class='ocrx_word' id='word_1_179' title='bbox 885 3021 974 3082; x_wconf 95' lang='lat' dir='ltr'>urbis</span> <span class='ocrx_word' id='word_1_180' title='bbox 991 3033 1174 3083; x_wconf 90' lang='lat' dir='ltr'>senatores:</span> <span class='ocrx_word' id='word_1_181' title='bbox 1196 3019 1249 3098; x_wconf 93' lang='lat' dir='ltr'>qui</span> <span class='ocrx_word' id='word_1_182' title='bbox 1265 3050 1277 3083; x_wconf 87' lang='lat'>2</span> <span class='ocrx_word' id='word_1_183' title='bbox 1284 3051 1297 3098; x_wconf 84' lang='lat'><strong>5</strong></span> 
     </span>
     <span class='ocr_line' id='line_1_27' title="bbox 258 3114 1250 3199; baseline 0.001 -25"><span class='ocrx_word' id='word_1_184' title='bbox 258 3114 387 3194; x_wconf 93' lang='lat' dir='ltr'>quidem</span> <span class='ocrx_word' id='word_1_185' title='bbox 402 3135 474 3192; x_wconf 91' lang='lat' dir='ltr'>non,</span> <span class='ocrx_word' id='word_1_186' title='bbox 489 3127 523 3178; x_wconf 93' lang='lat' dir='ltr'>ut</span> <span class='ocrx_word' id='word_1_187' title='bbox 538 3115 620 3192; x_wconf 84' lang='lat' dir='ltr'>alibi,</span> <span class='ocrx_word' id='word_1_188' title='bbox 630 3128 759 3197; x_wconf 91' lang='lat' dir='ltr'>propter</span> <span class='ocrx_word' id='word_1_189' title='bbox 773 3120 974 3199; x_wconf 91' lang='lat' dir='ltr'>prudentiam</span> <span class='ocrx_word' id='word_1_190' title='bbox 989 3130 1043 3181; x_wconf 91' lang='lat' dir='ltr'>aut</span> <span class='ocrx_word' id='word_1_191' title='bbox 1057 3119 1182 3179; x_wconf 90' lang='lat' dir='ltr'>divitias</span> <span class='ocrx_word' id='word_1_192' title='bbox 1197 3128 1250 3176; x_wconf 93' lang='lat' dir='ltr'>aut</span> 
     </span>
     <span class='ocr_line' id='line_1_28' title="bbox 257 3213 1248 3296; baseline 0.001 -24"><span class='ocrx_word' id='word_1_193' title='bbox 257 3213 464 3291; x_wconf 86' lang='lat' dir='ltr'>prolixiorem</span> <span class='ocrx_word' id='word_1_194' title='bbox 479 3215 619 3290; x_wconf 90' lang='lat' dir='ltr'>barbam,</span> <span class='ocrx_word' id='word_1_195' title='bbox 636 3217 694 3277; x_wconf 91' lang='lat' dir='ltr'>sed</span> <span class='ocrx_word' id='word_1_196' title='bbox 710 3227 841 3296; x_wconf 92' lang='lat' dir='ltr'>propter</span> <span class='ocrx_word' id='word_1_197' title='bbox 860 3216 1038 3279; x_wconf 90' lang='lat' dir='ltr'>abdominis</span> <span class='ocrx_word' id='word_1_198' title='bbox 1058 3233 1248 3290; x_wconf 90' lang='lat' dir='ltr'>mensuram,</span> 
     </span>
     <span class='ocr_line' id='line_1_29' title="bbox 258 3310 1250 3395; baseline 0 -25"><span class='ocrx_word' id='word_1_199' title='bbox 258 3311 430 3390; x_wconf 90' lang='lat' dir='ltr'>quotannis</span> <span class='ocrx_word' id='word_1_200' title='bbox 451 3312 513 3373; x_wconf 91' lang='lat' dir='ltr'>ritu</span> <span class='ocrx_word' id='word_1_201' title='bbox 544 3312 670 3373; x_wconf 91' lang='lat' dir='ltr'>solenni</span> <span class='ocrx_word' id='word_1_202' title='bbox 697 3316 879 3394; x_wconf 87' lang='lat' dir='ltr'>eliguntur;</span> <span class='ocrx_word' id='word_1_203' title='bbox 911 3326 943 3376; x_wconf 94' lang='lat' dir='ltr'>et</span> <span class='ocrx_word' id='word_1_204' title='bbox 968 3334 1031 3395; x_wconf 90' lang='lat' dir='ltr'>quo</span> <span class='ocrx_word' id='word_1_205' title='bbox 1055 3313 1127 3393; x_wconf 91' lang='lat' dir='ltr'>quis</span> <span class='ocrx_word' id='word_1_206' title='bbox 1149 3310 1250 3390; x_wconf 89' lang='lat' dir='ltr'>magis</span> 
     </span>
     <span class='ocr_line' id='line_1_30' title="bbox 261 3408 1250 3494; baseline 0.001 -26"><span class='ocrx_word' id='word_1_207' title='bbox 261 3408 374 3470; x_wconf 90' lang='lat' dir='ltr'>crescit</span> <span class='ocrx_word' id='word_1_208' title='bbox 401 3409 456 3472; x_wconf 94' lang='lat' dir='ltr'>illo</span> <span class='ocrx_word' id='word_1_209' title='bbox 491 3410 678 3490; x_wconf 90' lang='lat' dir='ltr'>provehitur</span> <span class='ocrx_word' id='word_1_210' title='bbox 713 3414 825 3475; x_wconf 89' lang='lat' dir='ltr'>altius:</span> <span class='ocrx_word' id='word_1_211' title='bbox 859 3414 904 3476; x_wconf 89' lang='lat' dir='ltr'>ita</span> <span class='ocrx_word' id='word_1_212' title='bbox 931 3413 1084 3494; x_wconf 91' lang='lat' dir='ltr'>quosdam</span> <span class='ocrx_word' id='word_1_213' title='bbox 1112 3409 1177 3471; x_wconf 89' lang='lat' dir='ltr'>vidi</span> <span class='ocrx_word' id='word_1_214' title='bbox 1211 3409 1250 3469; x_wconf 89' lang='lat' dir='ltr'>ab</span> 
     </span>
     <span class='ocr_line' id='line_1_31' title="bbox 257 3506 1299 3585; baseline 0.003 -18"><span class='ocrx_word' id='word_1_215' title='bbox 257 3506 385 3568; x_wconf 90' lang='lat' dir='ltr'>infimae</span> <span class='ocrx_word' id='word_1_216' title='bbox 421 3518 452 3568; x_wconf 92' lang='lat' dir='ltr'>et</span> <span class='ocrx_word' id='word_1_217' title='bbox 486 3508 731 3573; x_wconf 88' lang='lat' dir='ltr'>obscurissimae</span> <span class='ocrx_word' id='word_1_218' title='bbox 772 3513 943 3576; x_wconf 91' lang='lat' dir='ltr'>urbeculae</span> <span class='ocrx_word' id='word_1_219' title='bbox 982 3511 1158 3585; x_wconf 91' lang='lat' dir='ltr'>moenibus,</span> <span class='ocrx_word' id='word_1_220' title='bbox 1192 3528 1252 3569; x_wconf 91' lang='lat' dir='ltr'>suo</span> <span class='ocrx_word' id='word_1_221' title='bbox 1266 3533 1299 3582; x_wconf 75' lang='lat'>30</span> 
     </span>
     <span class='ocr_line' id='line_1_32' title="bbox 257 3604 1254 3687; baseline 0.004 -24"><span class='ocrx_word' id='word_1_222' title='bbox 257 3604 387 3684; x_wconf 89' lang='lat' dir='ltr'>quidem</span> <span class='ocrx_word' id='word_1_223' title='bbox 414 3605 536 3684; x_wconf 91' lang='lat' dir='ltr'>merito,</span> <span class='ocrx_word' id='word_1_224' title='bbox 560 3607 715 3671; x_wconf 90' lang='lat' dir='ltr'>nobiliore</span> <span class='ocrx_word' id='word_1_225' title='bbox 737 3611 874 3673; x_wconf 91' lang='lat' dir='ltr'>donatos</span> <span class='ocrx_word' id='word_1_226' title='bbox 901 3611 1037 3687; x_wconf 90' lang='lat' dir='ltr'>civitate,</span> <span class='ocrx_word' id='word_1_227' title='bbox 1062 3609 1254 3685; x_wconf 89' lang='lat' dir='ltr'>tandemque</span> 
     </span>
     <span class='ocr_line' id='line_1_33' title="bbox 259 3701 1255 3791; baseline 0 -29"><span class='ocrx_word' id='word_1_228' title='bbox 259 3702 292 3763; x_wconf 94' lang='lat' dir='ltr'>in</span> <span class='ocrx_word' id='word_1_229' title='bbox 315 3701 440 3763; x_wconf 92' lang='lat' dir='ltr'>urbium</span> <span class='ocrx_word' id='word_1_230' title='bbox 462 3705 678 3786; x_wconf 86' lang='lat' dir='ltr'>celeberrima,</span> <span class='ocrx_word' id='word_1_231' title='bbox 695 3711 855 3772; x_wconf 88' lang='lat' dir='ltr'>senatoria</span> <span class='ocrx_word' id='word_1_232' title='bbox 876 3710 1029 3791; x_wconf 90' lang='lat' dir='ltr'>dignitate</span> <span class='ocrx_word' id='word_1_233' title='bbox 1050 3715 1159 3768; x_wconf 91' lang='lat' dir='ltr'>auctos</span> <span class='ocrx_word' id='word_1_234' title='bbox 1171 3725 1179 3779; x_wconf 90' lang='lat'>;</span> <span class='ocrx_word' id='word_1_235' title='bbox 1200 3703 1255 3782; x_wconf 92' lang='lat' dir='ltr'>qui</span> 
     </span>
     <span class='ocr_line' id='line_1_34' title="bbox 259 3800 1256 3890; baseline 0.003 -28"><span class='ocrx_word' id='word_1_236' title='bbox 259 3811 374 3873; x_wconf 89' lang='lat' dir='ltr'>tamen,</span> <span class='ocrx_word' id='word_1_237' title='bbox 393 3800 446 3860; x_wconf 92' lang='lat' dir='ltr'>ubi</span> <span class='ocrx_word' id='word_1_238' title='bbox 460 3802 511 3863; x_wconf 93' lang='lat' dir='ltr'>vel</span> <span class='ocrx_word' id='word_1_239' title='bbox 526 3806 639 3866; x_wconf 91' lang='lat' dir='ltr'>morbo</span> <span class='ocrx_word' id='word_1_240' title='bbox 652 3809 751 3888; x_wconf 76' lang='lat' dir='ltr'>(quod</span> <span class='ocrx_word' id='word_1_241' title='bbox 766 3827 864 3888; x_wconf 85' lang='lat' dir='ltr'>saepe</span> <span class='ocrx_word' id='word_1_242' title='bbox 884 3809 930 3890; x_wconf 87' lang='lat' dir='ltr'>fit)</span> <span class='ocrx_word' id='word_1_243' title='bbox 946 3808 997 3871; x_wconf 93' lang='lat' dir='ltr'>vel</span> <span class='ocrx_word' id='word_1_244' title='bbox 1011 3814 1122 3877; x_wconf 89' lang='lat' dir='ltr'>aetate,</span> <span class='ocrx_word' id='word_1_245' title='bbox 1138 3811 1256 3865; x_wconf 86' lang='lat' dir='ltr'>statuto</span> 
     </span>
    </p>
   </div>
   <div class='ocr_carea' id='block_1_3' title="bbox 0 0 1580 4575">
    <p class='ocr_par' dir='ltr' id='par_1_6' title="bbox 0 0 1580 4575">
     <span class='ocr_line' id='line_1_35' title="bbox 0 0 1580 4575; baseline 0 0"><span class='ocrx_word' id='word_1_246' title='bbox 0 0 1580 4575; x_wconf 95' lang='lat' dir='ltr'> </span> 
     </span>
    </p>
   </div>
  </div>
 </body>
</html>
