3142 4575
444 1126 724 1220 ITINERlS
769 1143 1029 1232 INITIUM

236 1332 519 1403 MERCURIUS
545 1342 866 1419 BRITANNICUS
893 1358 1050 1425 NAVlM
1074 1366 1220 1431 PHAN·

264 1468 450 1535 TASIAM
482 1473 795 1565 CONSCENDIT,
827 1490 1000 1561 SOLVlT
1034 1496 1208 1570 PORTU'

514 1633 731 1717 [Benoaaous
752 1651 934 1735 toourrun]

275 1763 282 1791 ‘
293 1759 380 1822 Mun
389 1774 475 1827 certe
485 1771 759 1847 persuasissimum
771 1782 839 1853 erit,
850 1784 948 1849 latere
958 1790 1062 1853 adhuc
1075 1792 1216 1860 Senecae
1307 1826 1309 1829 ⁴

229 1857 375 1921 tellurem
391 1861 562 1946 ingentem,
574 1890 705 1953 nosque,
722 1880 818 1943 modo
832 1883 859 1944 si
874 1886 998 1948 audetis
1012 1908 1049 1950 ac
1063 1893 1215 1973 satagitis,

227 1954 429 2020 felicissimos
458 1966 675 2043 exploratores
700 1976 870 2043 etiamnum
895 1996 1089 2063 exspectare.
1134 1989 1215 2054 Ecce

225 2071 312 2115 nunc
335 2056 438 2134 veni0,
461 2062 502 2121 mi
528 2066 621 2143 orbis,
647 2083 719 2149 post
742 2085 788 2137 tot
813 2090 896 2155 vota,
921 2093 992 2160 post
1020 2092 1066 2144 tot
1090 2105 1214 2167 moras;

224 2151 330 2227 venio,
347 2152 483 2233 inquam,
500 2180 556 2239 spe
576 2165 689 2243 plenus
711 2181 742 2233 et
761 2173 875 2239 fiducia
884 2197 894 2253 ;
916 2188 947 2241 et
965 2179 1016 2241 vel
1034 2190 1066 2242 te
1085 2187 1242 2264 mundus

223 2248 275 2312 vel
292 2252 428 2314 cadaver
441 2254 502 2318 hoc
516 2259 580 2338 tibi,
597 2266 700 2330 audax
716 2269 869 2351 impertio.
912 2275 1008 2357 Agite
1022 2299 1108 2357 vero,
1124 2285 1211 2360 socii,

222 2347 251 2408 si
267 2348 339 2428 quis
355 2363 459 2414 manet
478 2357 580 2420 adhuc
600 2364 687 2426 calor
704 2369 827 2447 priscae
847 2373 978 2451 virtutis,
994 2375 1022 2436 si
1042 2397 1104 2456 qua
1122 2379 1214 2460 prae-

221 2444 310 2507 clare
328 2451 471 2512 merendi
490 2459 627 2538 ambitio,
647 2467 759 2530 audete
777 2470 838 2532 hoc
857 2471 997 2535 facinus:
1018 2486 1120 2538 estote
1136 2479 1213 2540 mihi

220 2543 355 2606 comites
373 2545 503 2628 itineris,
520 2571 682 2638 compotes
701 2565 854 2632 fortunae.
897 2571 1009 2650 Apage
1029 2571 1144 2652 frigida
1161 2577 1215 2639 illa

218 2652 358 2722 pectora,
381 2647 496 2726 quibus
517 2653 561 2714 nil
582 2659 672 2739 sapit,
689 2663 750 2725 nisi
772 2668 856 2746 quod
878 2667 957 2734 nihil
978 2688 1054 2746 prae
1075 2689 1112 2732 se
1133 2673 1215 2736 ferat
1231 2696 1260 2731 ιο

218 2741 362 2820 periculi,
378 2745 455 2806 nihil
472 2749 600 2830 gloriae,
618 2758 732 2836 quibus
751 2764 872 2825 nullum
887 2766 991 2843 placet
1008 2766 1214 2843 sepulchrum

152 2835 154 2839 ’
217 2858 284 2900 non
305 2858 363 2902 sua
384 2843 541 2928 obtectum
562 2851 663 2930 gleba.
709 2859 728 2889 “
741 2858 946 2935 Esuriemus;
973 2861 1118 2924 sitiemus
1130 2885 1140 2940 ;
1166 2885 1216 2928 ae·

215 2937 415 3016 grotabimus
427 2963 436 3017 ;
483 2947 701 3014 moriemur:'’
746 2955 887 3036 Ignavae
927 2976 1031 3031 voces,
1061 2958 1216 3041 indignae

215 3033 435 3114 philosophis!
457 3039 607 3122 indignae
622 3053 806 3132 peregrinis,
825 3053 958 3114 alterius
972 3053 1081 3113 mundi
1096 3054 1215 3134 disqui-

214 3131 375 3209 sitoribus,
400 3145 668 3219 contemptoribus
689 3148 803 3210 huius!
847 3148 938 3209 Nihil
958 3147 1100 3226 prolecto
1122 3150 1217 3214 deest
1233 3173 1260 3224 ¹5

212 3239 341 3309 praeter
364 3232 512 3296 animum.
557 3238 674 3303 Sitviri
700 3245 784 3317 estis
813 3246 932 3305 sumite
957 3243 1042 3302 hunc
1063 3245 1160 3308 vobis
1185 3259 1217 3311 et

212 3326 345 3406 erigite:
374 3330 527 3410 accingite
548 3355 606 3396 vos
627 3340 666 3400 ad
688 3340 748 3402 hoc
774 3341 845 3413 iter,
869 3340 1006 3399 sortasse
1027 3339 1216 3422 iucundum,

212 3433 297 3484 certe
311 3425 515 3506 praeclarum,
531 3452 650 3512 perque
665 3437 781 3498 multos
796 3435 924 3496 viarum
944 3433 1106 3497 anfractus
1126 3452 1219 3504 recta

209 3521 331 3583 ducens
361 3523 401 3582 ad
430 3524 636 3592 immortalem
663 3533 810 3611 gloriam.
867 3528 929 3590 Sin
961 3528 1067 3593 minus
1099 3537 1218 3602 sedete

209 3618 295 3679 dorni
321 3618 447 3682 desides
468 3633 500 3684 et
520 3625 656 3706 inglorii.
701 3627 874 3690 Inveniam
896 3643 958 3703 ego
979 3624 1061 3687 alios
1083 3634 1217 3698 consilii
1233 3630 1265 3694 2¹0

207 3716 269 3776 mei
297 3715 435 3779 lautores
459 3721 633 3804 sociosque,
659 3725 776 3806 quibus
803 3742 865 3783 vos
895 3722 1041 3832 fortassis
1070 3731 1219 3807 auspica-

204 3813 359 3876 tissimum
374 3817 474 3896 coepti
489 3818 620 3887 huiusce
634 3825 753 3886 exitum
770 3840 849 3882 sero
864 3817 1073 3881 invidebins?

672 3940 728 3986 82
