3142 4575
338 520 375 562 10
465 574 467 579 ¹
520 499 720 564 MUNDUS
748 499 906 562 ALTER
936 500 994 560 ET
1024 499 1139 561 IDEM
1223 503 1325 581 [unm

336 658 567 722 macilentiores
587 658 754 736 evaserint,
771 678 835 719 una
849 677 919 718 curn
934 677 1030 719 carne
1044 657 1210 737 pristinum
1230 655 1327 717 hono·

334 777 401 820 rem
416 757 599 820 amiserunt.

377 854 514 932 Plateae,
531 856 616 936 quod
632 855 664 916 in
679 867 742 917 tam
758 856 918 917 incuriosa
934 855 1013 915 urbe
1027 852 1165 915 mirabar
1178 851 1323 934 maxime,

333 962 450 1014 stratae
481 973 646 1029 marmore,
678 965 744 1015 turn
775 954 872 1033 quod,
900 953 946 1014 uti
975 952 1198 1026 coniectabam,
1230 950 1326 1031 paulo

305 1049 522 1116 slaboriosius
560 1051 609 1127 sit,
647 1072 751 1132 neque
790 1071 923 1131 prorsus
959 1061 1064 1112 careat
1099 1049 1249 1130 periculo,
1283 1051 1325 1112 ob

332 1146 585 1227 inaequalitatem
611 1149 758 1230 lapidum,
785 1150 886 1228 pedes
913 1148 1007 1209 altius
1035 1148 1168 1223 elevare,
1193 1158 1259 1209 tum
1280 1148 1325 1208 uti

331 1247 428 1309 sellae
454 1246 634 1309 senatoriae
658 1247 781 1308 facilius
809 1256 1076 1327 promoveantur:
1111 1245 1324 1326 nequeenim

331 1344 467 1424 pedibus
481 1365 629 1426 unquam,
646 1356 700 1406 aut
714 1345 815 1425 equis,
832 1356 885 1406 aut
901 1344 1028 1420 lecticis,
1045 1345 1198 1424 ponderis
1219 1364 1323 1419 causa,

332 1441 434 1504 forum
448 1453 567 1522 petunt,
582 1444 633 1503 vel
647 1442 773 1523 publica
788 1443 942 1519 conluvia,
958 1444 1016 1504 sed
1031 1441 1121 1504 sellis
1135 1442 1324 1522 quibusdam

288 1541 540 1620 roamplissimis,
572 1541 745 1602 rotularum
773 1551 909 1620 quatuor
935 1541 1031 1621 gyris,
1058 1540 1117 1602 hac
1146 1540 1217 1603 illac
1242 1540 1324 1601 trahi

331 1640 436 1701 solent
448 1661 457 1717 ;
488 1639 676 1719 praesertim
702 1638 763 1699 hoc
793 1639 887 1700 modo
916 1640 1046 1701 domurn
1074 1638 1229 1700 sedilibus
1256 1638 1325 1700 suis

331 1738 417 1799 affixi
431 1748 579 1799 nutantes
594 1746 841 1817 spumantesque
856 1739 1059 1799 reducuntur.

371 1836 423 1897 Ad
445 1846 579 1917 quatuor
600 1835 688 1896 urbis
709 1846 817 1915 portas
839 1836 970 1897 totidem
992 1836 1127 1899 invicem
1151 1835 1257 1898 indies
1278 1856 1324 1898 se-

331 1936 408 1997 dent
433 1943 598 1996 senatores
627 1937 649 2013 (‘
660 1932 881 1995 Buscadores’
903 1933 1084 2013 appellant),
1117 1934 1272 1997 intrantes
1293 1946 1324 1996 et

288 2051 317 2102 15
331 2038 486 2090 exeuntes
505 2048 649 2108 quosque
670 2027 783 2089 sedulo
801 2028 1005 2107 exploraturi,
1023 2039 1177 2091 exeuntes
1194 2029 1324 2109 quidem
1418 2026 1421 2029 ’

330 2146 405 2187 num
420 2126 500 2188 forte
515 2126 612 2188 ieiuni
630 2126 760 2205 prodire
780 2126 894 2201 ausint,
912 2127 997 2206 quod
1017 2148 1058 2189 ex
1072 2127 1193 2189 ventris
1209 2127 1324 2189 disten·

330 2225 421 2288 sione
442 2224 588 2290 facillime
613 2225 784 2298 coniiciunt
805 2228 915 2305 (reque
937 2226 998 2287 iam
1020 2228 1223 2306 comprobata
1245 2246 1320 2290 reos

330 2325 447 2404 duplici
485 2325 565 2387 cena
603 2324 755 2400 multant),
792 2324 947 2387 intrantes
984 2345 1060 2386 vero
1099 2325 1175 2405 quid
1213 2345 1323 2386 secum

330 2422 432 2484 ferant
451 2424 606 2484 reduces:
631 2442 690 2483 nec
710 2422 795 2484 enim
814 2423 887 2482 licet
906 2421 1053 2501 cuiquam
1074 2433 1210 2484 autnon
1227 2423 1323 2503 pleno

287 2548 319 2585 ιο
330 2530 441 2582 ventre
456 2520 544 2582 exire
558 2530 611 2581 aut
627 2519 731 2581 redire
747 2541 812 2580 non
827 2521 923 2600 plena
938 2541 1042 2582 manu.

372 2617 515 2697 Singulis
531 2619 703 2695 mensibus
717 2618 803 2698 quod
814 2639 855 2680 ex
870 2619 950 2698 legis
965 2619 1161 2698 praescripto
1177 2620 1240 2680 illis
1257 2640 1322 2682 non

329 2714 450 2777 hercle'
464 2715 692 2778 reluctantibus
720 2715 876 2791 indicitur,
908 2727 988 2778 stata
1015 2717 1135 2796 agitant
1169 2718 1321 2795 convivia,

330 2815 444 2894 quibus
466 2826 594 2894 praesto
616 2815 680 2876 sint
705 2825 830 2894 oportet
855 2834 967 2876 omnes
986 2815 1074 2876 urbis
1092 2825 1266 2892 senatores,
1282 2817 1322 2878 de

299 2941 302 2947 ·
329 2913 464 2992 publicis
481 2912 619 2993 negotiis
639 2912 728 2974 finito
748 2913 810 2973 iam
830 2913 964 2992 prandio
983 2913 1052 2989 (nec
1071 2914 1154 2974 enim
1177 2913 1249 2975 licet
1267 2915 1322 2975 im-

286 3031 315 3080 25
329 3031 447 3090 pranso
456 3011 603 3092 cuiquam
613 3010 696 3073 ferre
706 3011 903 3090 suffragium)
912 3011 1128 3073 deliberaturi.
1147 3010 1322 3092 Pythonos·

331 3109 431 3172 Come
446 3109 605 3189 praetorio
621 3128 737 3170 nomen
757 3119 815 3170 est.
860 3108 979 3170 Sedem
1000 3129 1089 3169 suam
1112 3110 1246 3189 quisque
1265 3131 1321 3172 no·
1364 3189 1367 3195 Ι

328 3208 381 3269 vit.
426 3207 490 3296 Ubi
519 3219 686 3288 postquam
710 3207 844 3269 sevino
873 3191 1068 3268 calidissimo
1092 3217 1124 3268 et
1146 3209 1322 3271 acrioribus

322 3297 545 3376 ¹condimentis
574 3306 763 3386 paraverint,
794 3325 853 3365 suo
883 3305 1017 3384 quisque
1046 3306 1158 3368 ordine
1186 3307 1321 3369 discum-

329 3405 416 3465 bunt.
460 3404 605 3484 Cupedia
620 3403 804 3466 delicatiora
824 3402 856 3462 in
876 3403 977 3482 prima
998 3424 1110 3466 mensa
1129 3425 1257 3484 semper
1270 3427 1321 3486 ap·

282 3531 315 3578 30
331 3509 515 3577 ponuntur;
543 3499 673 3560 stultum
709 3497 794 3560 enim
830 3508 942 3576 putant
977 3498 1097 3576 optima
1130 3499 1321 3562 serculorum

327 3616 392 3657 non
415 3597 553 3658 maximo
577 3595 716 3676 appetitu
740 3601 903 3656 devorare.
949 3594 1019 3656 Nec
1042 3596 1105 3657 illis
1128 3597 1211 3675 licet,
1235 3601 1320 3678 quod

327 3695 420 3756 nobis
455 3694 694 3756 usitatissimum
731 3705 787 3769 est,
819 3713 923 3772 apros
953 3713 1039 3771 oveS,
1069 3715 1190 3774 capraS,
1221 3718 1321 3777 agnos

325 3793 429 3855 varias
444 3793 476 3853 in
490 3803 598 3872 partes
613 3792 769 3854 dissectos
788 3809 969 3871 apponere;
991 3793 1058 3867 sed,
1078 3795 1162 3873 quod
1178 3815 1196 3854 a
1210 3795 1320 3856 veteri·
