3142 4575
1154 144 1353 358 Χ

178 672 181 681 Ι
216 578 354 661 0qu
514 568 518 573 “
585 576 835 640 vmnolnm
876 557 879 562 ⁴
1126 527 1128 530 ⁵
1169 596 1209 655 47

1358 332 1417 389 x&

257 734 341 797 Sunt
362 734 444 797 inter
458 735 537 811 illas,
554 754 635 815 quae
653 744 753 796 artem
768 729 998 814 gymnasticam
1013 743 1046 798 et
1060 742 1211 795 exercent

126 856 128 859 ·
216 844 248 895 et
275 832 475 913 profitentur,
504 854 574 912 qua,
605 831 766 912 quomodo
796 831 917 906 dentes,
944 852 1077 911 ungues
1107 825 1221 893 calces'

217 930 457 993 bellicosissime
479 940 598 1010 gerant,
626 929 824 992 ostenditur:
856 928 994 1009 denique
1020 928 1131 991 faciem
1160 949 1212 990 ex·

216 1029 347 1105 coriare,
370 1028 497 1091 oculum
522 1048 646 1105 eruere,
668 1028 817 1090 mordere
838 1027 986 1103 lacertos,
1010 1046 1120 1089 aurem
1141 1046 1211 1106 per·

216 1127 335 1203 fodere,
350 1127 468 1189 vellere
483 1127 614 1189 barbam
628 1126 838 1203 artificiosius,
855 1135 887 1188 et
901 1125 1082 1206 praeceptis
1097 1125 1212 1187 docent
1239 1159 1254 1210 5

217 1236 249 1288 et
260 1226 424 1305 exemplis.
1003 1301 1006 1305 ι

258 1322 322 1383 Vix
350 1322 499 1385 crederes
523 1343 617 1403 quam
646 1322 708 1385 illic
737 1322 824 1384 domi
848 1322 969 1384 niteant
991 1321 1117 1385 omnia:
1146 1320 1209 1394 ubi,

217 1431 331 1498 tamen,
349 1421 455 1483 omnia
477 1422 590 1497 lavant,
607 1431 746 1495 verrunt,
763 1432 911 1501 coquunt,
928 1431 1041 1500 parant
1059 1420 1119 1481 viri
1140 1419 1209 1493 soli,

217 1530 252 1582 ut
273 1518 345 1580 hinc
367 1519 444 1581 satis
465 1529 626 1599 appareat,
640 1519 727 1581 viros
746 1519 849 1580 officia
865 1518 1041 1581 domestica
1054 1539 1209 1594 recusare,

217 1638 281 1679 non
307 1618 392 1698 quod
418 1617 478 1679 ista
505 1628 639 1679 tractare
663 1628 830 1697 nequeant,
853 1617 910 1679 sed
935 1617 1021 1697 quod
1046 1638 1082 1679 se
1106 1617 1211 1679 minus
1226 1646 1270 1681 ιο-

217 1813 412 1889 vestimenta,
447 1833 528 1893 quae
559 1812 701 1893 profecto
734 1824 862 1893 praeter
892 1814 1022 1875 modum
1054 1814 1211 1900 squalent,

218 1922 253 1972 ut
274 1931 338 1973 non
360 1911 466 1972 minus
487 1910 548 1991 ipsi
569 1931 605 1973 se
626 1910 789 1991 negligant
810 1930 905 1989 quam
927 1931 946 1971 a
966 1906 1092 1974 feminis
1117 1912 1214 1992 negli-

217 2019 341 2088 gantur.
396 2008 489 2071 Foris
517 2018 622 2070 tamen
652 2018 683 2069 et
715 2028 810 2087 agros
841 2017 873 2069 et
905 2018 994 2084 tecta,
1025 2008 1212 2071 feminarum

218 2127 335 2182 curam,
349 2106 459 2169 videas
474 2106 691 2183 incultissima,
709 2106 834 2167 urbium
850 2106 976 2168 moenia
991 2106 1034 2167 ita
1049 2107 1210 2181 semiruta,
1229 2138 1256 2188 ¹5

219 2216 259 2283 et,
275 2205 328 2267 ubi
343 2206 445 2267 adhuc
463 2204 587 2285 integra
601 2203 789 2281 consistunt,
803 2204 846 2265 ita
862 2203 1007 2283 imperite
1021 2214 1211 2282 constructa,

218 2315 253 2366 ut
272 2304 411 2366 virorum
433 2303 562 2365 tutelam
581 2302 766 2365 desiderare
779 2302 955 2378 videantur,
973 2313 1004 2364 et
1025 2302 1211 2366 feminarum

218 2421 347 2482 operam
376 2411 408 2463 et
436 2401 645 2482 patrocinium
674 2401 860 2463 abominari.
907 2400 1041 2463 Dubitas
1065 2420 1151 2462 nunc
1173 2401 1214 2462 de

219 2501 321 2562 salute
352 2519 432 2576 mea,
461 2499 585 2574 Lector,
618 2511 667 2562 sat
701 2499 768 2562 scio
802 2498 957 2561 sollicitus
990 2519 1053 2579 qua
1084 2500 1213 2562 tandem

219 2598 341 2660 ratione
366 2597 463 2660 miser
486 2598 675 2678 peregrinus
700 2619 718 2660 e
739 2608 804 2660 tam
825 2596 1004 2679 periculosa
1027 2598 1213 2679 perditaque
1227 2624 1260 2658 ιο

219 2695 350 2776 regione
369 2695 430 2757 sim
448 2696 615 2759 incolumis
629 2716 793 2759 evasurus.
839 2694 951 2757 Dicam
972 2695 1111 2776 ingenue
1121 2717 1130 2774 ;
1152 2697 1214 2759 hoc

220 2793 297 2854 mihi
319 2791 545 2873 praestiterunt
561 2793 699 2870 -habitus,
725 2804 824 2870 aetas,
849 2792 1027 2855 consilium.
1072 2793 1155 2856 Nam
1183 2807 1215 2857 et

219 2890 328 2952 habitu
343 2890 528 2952 incedebam
543 2891 634 2968 virili,
646 2903 678 2954 et
692 2891 753 2954 iam
768 2888 1008 2952 adolescentulo
1023 2891 1101 2952 mihi
1114 2891 1216 2971 prima

220 2987 337 3068 lanugo
356 3007 467 3049 sexum
489 2989 654 3050 commode
672 2988 914 3062 dissimulabat;
936 2997 976 3061 et,
993 2988 1081 3066 quod
1101 2987 1214 3048 accidit

219 3081 296 3143 mihi
319 3091 563 3162 peropportune,
591 3081 653 3143 illic
677 3080 783 3157 incidi,
806 3080 893 3159 quod
917 3079 1033 3140 mirum
1054 3079 1213 3141 videbitur
1227 3113 1257 3162 ²⁵

220 3179 252 3241 in
267 3190 331 3242 tam
340 3180 494 3261 loginquo
508 3181 595 3256 orbe,
606 3180 639 3240 in
650 3179 807 3261 plurimos
818 3175 896 3237 mihi
906 3176 946 3237 de
962 3176 1040 3237 facie
1051 3177 1213 3256 quondam

220 3288 315 3340 notos
345 3289 582 3354 conterraneos,
612 3295 748 3357 quorum
776 3275 878 3336 fretus
905 3273 1086 3352 praeceptis
1116 3273 1214 3335 moni·

219 3375 333 3456 tisque,
350 3394 408 3455 per
419 3374 717 3456 paludinosissimas
734 3369 903 3435 Ploraviae
917 3368 1017 3430 valles
1027 3380 1216 3448 montesque

186 3506 189 3512 ·
221 3471 435 3549 Tuberoniae,
457 3493 522 3534 non
544 3473 613 3534 sine
635 3469 743 3532 multis
765 3465 937 3540 laboribus,
954 3465 1117 3557 molestiis,
1134 3465 1216 3545 peri-

220 3568 310 3646 culis,
326 3568 363 3630 in·
376 3569 543 3632 Moroniae
557 3569 639 3631 fines
653 3569 755 3629 laetus
770 3565 893 3643 hospes
906 3561 1047 3641 perveni.
1231 3591 1263 3641 30

262 3666 330 3730 Sed
355 3667 430 3747 quid
455 3667 497 3729 de
521 3665 632 3748 probis
656 3665 779 3726 interea
805 3657 933 3721 seminis
955 3656 1010 3719 fiat
1032 3666 1064 3718 et
1089 3657 1218 3739 rogabis

221 3773 254 3826 et
274 3763 406 3825 nimium
427 3763 563 3826 sortasse
587 3758 762 3834 miraberis,
788 3753 949 3817 infelicem
973 3773 1024 3816 me
1047 3764 1135 3818 ratus
1155 3754 1218 3816 via·

210 3870 331 3937 torem,
362 3872 415 3924 aut
442 3861 609 3941 ingratum,
637 3857 691 3938 qui
727 3855 808 3917 istas
836 3849 889 3912 vel
918 3868 981 3910 non
1017 3850 1219 3915 convenerim
