3142 4575
97 3901 183 3924 Α

330 537 370 613 58
515 535 715 600 MUNDUS
744 536 901 599 ALTER
931 537 989 599 ET
1020 537 1136 600 IDEM
1195 537 1324 621 [muru

330 693 429 769 alteri,
447 714 543 757 cusae
561 695 706 757 fortassis
726 696 887 776 nuperius.
933 694 1092 775 Quicquid
1108 696 1176 766 erit,
1194 695 1323 786 liberavi

330 812 390 871 ego
405 792 500 852 fidem
516 795 762 872 praemonendo

561 1016 642 1079 Car.
667 1016 724 1079 lV.
767 1017 904 1079 Aspim
930 1018 1091 1081 Monoum

373 1166 443 1226 Sua
469 1166 539 1245 ipso
563 1166 646 1244 polo,
673 1166 705 1225 in
728 1164 887 1227 Australis
909 1164 1029 1230 Terrae
1054 1176 1198 1242 extremo
1224 1170 1320 1249 apice,

330 1264 457 1343 'Aspera
491 1263 638 1325 Moronia
669 1264 774 1326 locum
812 1264 930 1328 sortita-
954 1275 1012 1340 est,
1037 1264 1135 1344 regio
1167 1279 1321 1345 montosa,
1403 1293 1407 1299 ’

302 1370 467 1439 5pctrosa,
491 1362 563 1441 gelu
589 1353 743 1441 perpetuo
771 1363 949 1435 constricta,
974 1361 1091 1442 quippe
1125 1383 1207 1443 quae
1236 1365 1323 1428 caelo

330 1458 445 1519 fruitur
458 1459 543 1520 sicco
559 1470 590 1520 et
605 1460 818 1540 frigidissimo.

373 1556 463 1619 Duos
484 1560 544 1619 sub
566 1579 601 1621 se
618 1558 761 1623 Ducatus
782 1558 933 1632 continet,
949 1559 1073 1637 amplos
1095 1560 1203 1623 hercle
1223 1562 1324 1640 magis

328 1674 424 1733 ,quam
440 1654 554 1732 felices
569 1656 749 1737 Lyperiam,
764 1676 858 1736 quam
873 1655 926 1717 alii
941 1654 1195 1720 Maninconicam
1206 1668 1323 1720 terram

329 1766 522 1835 nunctum,
535 1766 570 1816 et
586 1755 750 1835 Orgiliam.

486 1963 581 2025 Srcr.
608 1983 633 2025 1.
678 1962 852 2023 Limne
876 1964 971 2026 Dux:
1004 1966 1156 2026 Porurus

288 2147 318 2182 10
373 2111 545 2173 errnme
563 2112 637 2186 dux,
656 2110 720 2172 ‘Le
736 2110 848 2171 Grand
864 2111 1057 2192 Chagrin’a
1077 2112 1144 2174 suis
1163 2114 1322 2193 cognomi·

331 2220 432 2285 natus,
450 2210 546 2271 homo
567 2228 713 2269 morosus
733 2209 934 2290 tetricusque,
956 2210 1074 2291 populo
1090 2210 1250 2290 praesidet
1271 2212 1322 2273 sui

331 2309 458 2388 quidem
489 2328 553 2369 non
586 2308 690 2368 minus
724 2307 818 2368 simili
847 2328 942 2388 quam
970 2330 989 2370 a
1017 2308 1146 2388 reliquis
1176 2309 1322 2372 Moroni's

330 2406 532 2486 discrepanti.

282 2579 285 2582 Ι
374 2504 528 2565 Palatium
548 2503 601 2582 'illi
626 2503 738 2582 ingens
762 2475 949 2566 Cordolium
972 2526 990 2565 e
1013 2517 1127 2585 gagate
1153 2508 1320 2586 magnifice

287 2613 555 2681 15constructum‚
585 2601 617 2660 in
640 2601 728 2662 cuius
749 2602 917 2677 vestibulo,
942 2603 1046 2663 rubris
1075 2605 1318 2680 characteribus

329 2712 493 2763 exaratum
509 2712 557 2762 est

412 2833 597 2889 Maerentum
617 2833 697 2888 locus
716 2842 777 2902 est;
797 2834 899 2905 procul
919 2832 986 2889 hinc
1005 2835 1147 2891 discedite
1166 2835 1243 2890 laeti.

373 2956 500 3018 Incolae
532 2955 675 3036 plerique
710 2955 836 3035 hispidi,
867 2955 1034 3032 macilenti,
1065 2957 1182 3033 inculti,
1214 2958 1322 3019 colore

329 3055 427 3130 susc0,
455 3055 541 3115 crine
565 3054 668 3133 nigro,
692 3063 763 3115 cute
786 3054 866 3113 dura
890 3063 922 3114 et
945 3073 1066 3132 aspera,
1093 3055 1197 3116 fronte
1221 3067 1319 3129 torva,

286 3183 317 3217 20
330 3153 474 3233 neglecta
488 3163 587 3228 veste,
602 3152 689 3213 vultu
708 3150 798 3225 tristi,
815 3150 916 3212 oculis
937 3171 1008 3211 cum
1030 3163 1161 3232 stupore
1183 3154 1321 3233 quodam

329 3250 410 3326 fixis,
427 3271 485 3312 nec
503 3269 538 3311 se
554 3249 644 3311 facile
659 3249 867 3320 moventibus
885 3248 1057 3312 introrsum
1072 3271 1148 3312 vero
1163 3251 1319 3323 demissis,

325 3368 364 3410 ac
378 3348 476 3411 veluti
491 3349 524 3408 in
537 3348 625 3410 cavis
639 3347 839 3408 maxillarum
853 3348 983 3409 tumulis
998 3348 1061 3410 iam
1076 3349 1130 3409 diu
1145 3348 1288 3428 sepultis.

371 3447 475 3510 Nemo
497 3449 608 3509 urbem
630 3445 680 3507 hic
703 3456 834 3525 quaerat
859 3456 913 3506 aut
936 3466 1062 3526 pagum.
1108 3445 1237 3508 Incolae
1261 3448 1321 3507 sub

306 3591 310 3600 ,
327 3556 411 3608 terra
430 3565 555 3626 semper
576 3544 727 3619 habitant,
745 3544 889 3622 leporum
909 3563 1005 3617 more,
1021 3544 1181 3623 vitamque
1201 3545 1322 3624 degunt

284 3668 314 3718 ²5
327 3645 422 3724 plane
437 3643 638 3718 eremiticam,
656 3641 770 3722 partim
785 3642 871 3720 quod
887 3640 930 3702 ita
944 3651 1058 3702 natura
1077 3661 1134 3702 sua
1151 3641 1320 3721 suspiciosi

326 3763 363 3804 ac
378 3741 555 3804 meticulosi
569 3749 643 3802 sunt
663 3751 697 3800 ut
718 3739 882 3818 proximos
897 3758 962 3799 non
978 3738 1090 3816 serant,
1106 3740 1220 3820 partim
1235 3741 1320 3821 quod

326 3840 431 3904 edicto
447 3839 547 3900 Ducis
568 3847 694 3897 cautum
714 3845 763 3896 est
784 3836 918 3914 nequis
939 3846 992 3896 aut
1013 3836 1097 3899 intra
1114 3848 1320 3919 conspectum
