3142 4575
148 535 174 584 -·
245 548 382 629 0qu
587 550 844 617 runomo
897 516 901 525 ’
1197 578 1239 640 33

243 707 283 766 de
315 706 374 767 hoc
410 706 505 786 igneo
531 707 679 769 numine:
717 727 775 768 nec
805 707 972 789 quisquam
1003 720 1058 771 aut
1086 710 1163 771 mihi
1191 711 1238 773 sic

243 805 365 881 amicto,
383 815 436 866 aut
450 826 521 867 meo
537 806 713 886 cuicunque
730 806 846 882 comiti,
862 808 1009 885 poculum
1025 808 1122 871 audet
1136 810 1240 871 obtru-

243 904 319 964 dere
334 902 566 983 importunius.'

285 1000 354 1081 Ego
378 1002 544 1081 amplexus
572 1002 664 1063 avide
690 1002 831 1063 oblatum
860 1003 938 1064 mihi
967 1013 1030 1065 tam
1058 1016 1238 1085 opportune

242 1099 449 1180 privilegium,
487 1110 519 1161 et
550 1099 730 1161 comitatum
766 1100 851 1161 illius
880 1111 912 1161 et
946 1101 1156 1181 patrocinium
1185 1105 1238 1165 ob·
1266 1120 1280 1169 5

241 1197 347 1259 nixius
362 1198 583 1278 efflagitabam.

283 1296 437 1372 Tandem,
461 1317 531 1357 cum
554 1317 618 1358 non
641 1316 753 1375 parum
776 1298 846 1358 viae
868 1298 1040 1375 garriendo
1065 1300 1237 1379 transegis-

242 1414 358 1470 semuS,
374 1406 524 1456 mutatam
540 1395 599 1456 soli
614 1394 725 1456 faciem
740 1395 1006 1473 animadvertens,
1023 1397 1055 1457 in
1070 1418 1133 1477 qua
1152 1417 1235 1459 nunc

242 1492 341 1554 simus
356 1494 487 1573 regione
502 1494 654 1555 sciscitor.

239 1614 241 1621 '
285 1589 348 1651 Hic
365 1591 472 1671 inquit,
498 1591 565 1652 ‘Ex
583 1612 646 1671 quo
662 1591 756 1653 latam
777 1591 864 1653 illam
884 1594 1032 1672 paludem
1053 1593 1234 1658 traiecimus
1251 1620 1281 1655 ιο

241 1688 409 1765 (Methium
446 1689 617 1768 designans
648 1689 763 1767 lacum)
793 1700 913 1751 tractus
947 1700 996 1752 est
1033 1691 1232 1768 Uscebatius3

239 1786 371 1866 propior
395 1786 572 1867 Pyraeniae
596 1787 693 1867 regio,
721 1807 785 1848 non
812 1808 912 1867 aeque
939 1789 1023 1850 culta
1047 1790 1105 1851 sed
1134 1790 1234 1851 multo

241 1884 362 1946 felicior
397 1888 506 1947 nostra
539 1884 702 1960 Oenotria,
724 1884 809 1947 ‚sive
850 1894 954 1953 terrae
982 1885 1129 1947 virtutem
1167 1886 1234 1949 sive

240 1984 323 2044 aeris
339 1983 524 2063 temperiem
540 1981 686 2063 spectes’
836 2047 838 2050 ,
1356 2067 1358 2070 ¹

283 2082 369 2144 Sane
391 2082 529 2163 populus
551 2101 703 2161 perquam
725 2081 874 2143 sordidus
897 2092 928 2143 et
951 2082 1151 2157 inhumanus,
1175 2105 1235 2146 nec
1250 2112 1279 2162 15

241 2180 301 2241 nisi
317 2182 433 2257 ebrius,
451 2200 591 2260 unquam
607 2198 670 2240 non
686 2178 772 2239 ferus
788 2189 820 2240 et
838 2180 1037 2241 truculentus
1052 2181 1234 2246 videbatur:

240 2279 293 2358 qui
316 2284 421 2343 tam'en
444 2278 529 2355 mihi,
547 2289 581 2340 ut
602 2276 906 2357 superstitiosissimi
924 2289 1010 2355 sunt,
1026 2278 1150 2340 comitis
1171 2290 1233 2345 tam
1303 2328 1307 2333 -

240 2377 379 2458 religiosi
397 2399 492 2440 causa
512 2377 589 2438 satis
609 2375 764 2438 favebant.
806 2375 949 2443 Primam,
961 2376 1089 2456 quidem
1110 2388 1234 2440 noctem
1265 2460 1269 2465 ὓ

239 2475 271 2536 in
293 2476 419 2556 publico
442 2475 610 2537 urbeculae
632 2474 797 2535 cuiusdam
818 2473 1011 2536 obscurioris
1032 2476 1234 2538 xenodochio

236 2575 458 2655 transegimus,
490 2573 568 2635 satis
597 2572 650 2652 pol
677 2572 800 2652 quiete;
834 2572 978 2652 hospites
1007 2573 1092 2636 enim
1121 2595 1233 2636 omnes
1249 2597 1280 2632 ro

238 2671 419 2747 ebriulatos,
448 2691 625 2752 somnoque
655 2670 809 2732 altissimo
836 2671 1069 2746 semimortuos,
1095 2683 1127 2734 et
1152 2692 1232 2734 com·

237 2771 378 2850 perimus
393 2781 425 2832 et
439 2770 644 2850 reliquimus,
666 2767 829 2848 Reliquas,
844 2768 1002 2848 inquibus
1014 2770 1092 2830 nihil
1108 2770 1233 2831 tabellis

238 2869 367 2948 dignum
382 2869 599 2944 animadverti,
614 2867 724 2929 volens
740 2878 840 2931 tacc0.

280 2967 485 3029 Pervenimus
504 2967 631 3027 tandem
651 2986 708 3046 per
729 2966 846 3029 multas
867 2965 964 3026 silvas
982 2965 1084 3026 invias
1103 2966 1230 3045 longas·

236 3086 296 3144 que
312 3065 445 3145 paludes
462 3065 501 3126 ad
524 3063 710 3144 oppidulum
726 3065 852 3124 celebre
869 3083 906 3124 ac
921 3063 1080 3142 frequens
1102 3063 1230 3124 Portum
1247 3088 1277 3136 ²5

235 3164 346 3244 Aquae
363 3163 477 3225 Fortis·
1011 3240 1013 3243 v

277 3258 345 3342 Ego
375 3261 516 3340 requiem
545 3260 621 3320 mihi
655 3259 717 3321 iam
745 3259 800 3320 diu
828 3258 996 3338 pollicitus
1027 3259 1117 3334 ‘Qua
1145 3279 1229 3320 nunc

234 3359 359 3421 imusi’
389 3359 536 3440 inquam;
568 3361 661 3419 ‘num
683 3358 761 3419 haec
783 3376 859 3435 spes
883 3368 937 3418 tua
959 3368 1009 3420 est
1030 3356 1084 3418 illa
1107 3357 1229 3418 deside-

233 3457 391 3520 ratissima
407 3453 708 3534 Schlauchberga?'
737 3508 740 3520 ,
1049 3513 1051 3516 .

228 3573 240 3592 ··
275 3556 369 3618 ‘Non
391 3555 460 3632 est,'
481 3554 583 3635 inquit
601 3555 673 3632 ille;
701 3553 783 3629 “sed,
801 3555 887 3634 quod
903 3563 934 3616 te
949 3564 1071 3616 recreet
1089 3553 1227 3634 aliquan·
1241 3580 1274 3627 30

231 3652 343 3732 tulum,
372 3674 413 3715 ne
448 3655 523 3715 ulna
558 3653 685 3734 quidem
721 3662 825 3716 terrae
854 3651 1015 3714 metienda
1045 3661 1143 3713 restat
1177 3651 1227 3711 his

230 3753 383 3833 pedibus:
419 3752 515 3814 remis
544 3761 714 3832 peragetur
743 3751 829 3830 quod
859 3760 966 3828 restat,
998 3750 1113 3830 quibus
1142 3760 1225 3829 post·

230 3872 324 3931 quam
352 3851 430 3914 haec
457 3849 614 3912 obstantia
633 3848 718 3936 freta
743 3847 877 3910 feliciter
905 3847 1223 3920 transfretaverimus,

716 3963 736 4006 D
1024 3963 1028 3974 .
