3142 4575
358 538 400 598 44
545 518 746 581 MUNDUS
774 518 931 581 ALTER
961 518 1019 580 ET
1049 518 1165 580 IDEM
1228 517 1353 599 '[r.1n.1'1

359 695 454 737 nares
478 675 556 737 mihi
582 677 739 763 opplebat,
764 677 848 737 haud
872 695 964 750 secus
989 695 1026 737 ac
1051 674 1078 735 si
1102 674 1354 753 pretiosissimae

359 774 678 853 pharmacopolarum
703 774 838 855 pyxides
861 774 948 835 iuxta
973 774 1155 835 stetissent:
1180 773 1223 835 ita
1247 774 1354 834 omnia

359 872 410 934 hic
433 872 639 952 seplasiarios
665 872 752 935 olent
771 872 917 952 pastillos
944 882 977 933 et
1001 872 1132 933 delicias
1158 871 1352 933 Golosinias

362 968 500 1051 Reliqua
514 982 611 1033 taceo,
1251 954 1256 963 ⁸

332 1096 346 1145 5
402 1068 465 1130 Hic
494 1068 628 1131 feminas
657 1070 722 1130 vidi
753 1089 912 1149 proceras
943 1079 1094 1149 comptas,
1125 1078 1164 1140 et,
1195 1067 1228 1128 ni
1263 1067 1354 1130 fucus

358 1166 491 1246 gratiani
506 1166 626 1229 formae
641 1167 832 1243 sustulisset,
844 1186 922 1228 sane
937 1168 1094 1245 pulchras.
1132 1165 1225 1241 Quae
1240 1186 1355 1228 omnes

359 1264 437 1326 facie
462 1264 654 1353 papillisque
683 1266 789 1327 nudae
817 1265 1013 1342 incedebant,
1040 1274 1180 1325 ceterum
1209 1263 1352 1341 amictae,

359 1364 416 1425 sed
452 1363 585 1425 materia
619 1363 790 1439 levissima,
821 1363 1043 1442 coloribusque
1074 1363 1353 1441 splendidissimis·

363 1460 473 1522 Partes
495 1462 600 1543 nudae
623 1461 667 1522 ita
687 1462 793 1540 palam
814 1471 996 1522 cerussatae
1010 1461 1210 1536 videbantur,
1229 1460 1354 1523 Mosco·

317 1586 348 1622 10
360 1557 525 1619 viticarnm
554 1578 653 1634 more,
683 1569 717 1619 ut
746 1559 868 1620 iurares
896 1578 1066 1637 personam
1094 1568 1126 1619 te
1154 1559 1271 1633 videre,
1302 1559 1354 1621 vel

360 1666 504 1732 statuam,
523 1666 575 1719 aut
590 1656 753 1741 parietem,
770 1675 835 1716 non
852 1656 1021 1716 humanam
1037 1667 1150 1717 cutem.

403 1748 557 1811 Mulieres
588 1746 831 1827 Desuergoniae'
857 1749 924 1825 (illo
953 1750 1070 1827 gaudet
1094 1750 1223 1811 nomine
1251 1751 1355 1829 prima

360 1844 437 1905 urbs
464 1842 743 1923 Aphrodisiarum)
770 1842 888 1903 vitreas
920 1844 1027 1903 colunt
1056 1841 1178 1917 domus,
1210 1845 1354 1925 undique

360 1932 544 2020 pellucidas.
1085 2001 1088 2005 ,

318 2069 347 2120 15
403 2038 529 2101 Harum
544 2039 710 2113 neminem,
729 2038 762 2098 ni
777 2038 894 2100 frustra
908 2039 988 2101 velis
1008 2059 1091 2116 esse,
1106 2040 1192 2101 domi
1207 2061 1352 2120 quaeraS,

360 2136 422 2197 nisi
437 2136 517 2199 forte
534 2137 719 2217 priusquam
738 2147 864 2217 compta
880 2136 972 2199 suerit
992 2147 1023 2198 et
1042 2147 1163 2214 omata,
1180 2158 1239 2199 nec
1259 2159 1354 2218 quam

283 2299 287 2305 ,
361 2235 392 2296 in
429 2234 498 2297 soro
530 2236 696 2297 theatrove
726 2234 787 2313 (hie
820 2235 905 2297 enim
941 2236 1025 2297 diem
1060 2239 1177 2314 terunt)
1212 2236 1273 2297 nisi
1302 2237 1354 2301 vel

361 2333 516 2395 ridentem
532 2334 583 2394 vel
598 2343 764 2395 canentem
779 2334 830 2394 vel
846 2334 1068 2412 tripudiantem
1084 2354 1206 2396 cernes

404 2431 476 2492 Has
500 2451 560 2510 ego
586 2442 617 2492 et
641 2431 694 2492 odi
717 2441 748 2490 et
770 2430 837 2508 fugi
857 2431 955 2507 ocius,
980 2451 1020 2492 ne
1041 2431 1203 2493 literarum
1224 2433 1354 2512 quidem

319 2563 351 2598 20
362 2528 522 2608 praesidio
544 2527 622 2588 satis
647 2548 699 2589 me
718 2537 819 2588 tutum
842 2539 947 2590 ratus:
972 2528 1086 2608 quibus
1107 2523 1250 2608 profecto
1273 2551 1354 2591 nun·

362 2646 456 2706 quam
484 2645 582 2686 ausus
606 2644 720 2701 essem,
743 2625 776 2685 ni
799 2624 917 2687 formae
946 2647 1035 2687 meae
1062 2627 1140 2690 satis
1165 2627 1355 2707 iampridem

362 2723 438 2783 mihi
464 2722 619 2796 consciuS,
648 2742 736 2802 spem
760 2723 871 2784 salutis
899 2725 1102 2786 committere.
1130 2725 1252 2786 Profuit
1276 2746 1355 2805 ergo

362 2819 462 2881 semel
484 2820 582 2880 luisse
604 2821 788 2894 deformem,
804 2831 838 2881 ut
856 2821 905 2882 vel
928 2842 976 2898 ea,
991 2843 1126 2901 quorum
1148 2842 1244 2884 causa
1264 2836 1355 2886 natu·

363 2938 431 2979 ram
459 2917 596 2978 maxime
622 2917 761 2978 solemus
790 2917 955 2993 criminari,
986 2919 1063 2981 fiant
1091 2921 1270 3001 aliquando,
1298 2910 1356 2983 illa

319 3045 350 3095 25
363 3017 408 3077 sic
426 3015 632 3094 sagacissime
652 3015 744 3076 nobis
759 3016 979 3096 prospiciente,
995 3018 1046 3079 vel
1062 3037 1126 3078 non
1141 3018 1355 3099 cogitantibus

363 3112 539 3174 utilissima.

499 3338 579 3400 en».
603 3339 662 3422 Vl,
704 3339 886 3399 Aunzoum
908 3359 972 3400 vm
994 3338 1210 3404 G'xn'nuuxrx.

371 3527 373 3532 ’
408 3512 637 3573 anunsunus
655 3529 712 3590 per
730 3510 878 3572 extimam
893 3512 1106 3590 Aphrodisiae
1124 3517 1254 3594 partem,
1272 3519 1356 3580 eius·¹

365 3631 427 3692 que
449 3607 676 3670 occidentalem
705 3608 864 3688 angulum,
892 3609 988 3669 incidi
1013 3610 1045 3670 in
1070 3612 1279 3674 Amazoniam
1305 3617 1357 3676 vel

366 3708 593 3789 Gynandriam,
624 3706 750 3768 unicum
779 3711 842 3766 tam
877 3706 1012 3768 imbellis
1041 3710 1130 3787 regni
1159 3712 1356 3790 praesidium

321 3837 352 3885 30
365 3808 520 3870 adversus
534 3805 709 3866 vicinorum
720 3803 863 3864 'furorem
878 3814 909 3864 et
923 3805 1129 3869 incursiones.
