3142 4575
319 489 357 548 72
391 435 394 443 ’
503 469 702 532 nunnus
731 470 886 531 neren
918 471 975 532 er
1005 470 1120 531 man
1182 470 1261 552 [na.
1275 489 1311 529 111

361 627 469 689 Unum
498 627 580 689 inter
608 628 730 707 reliqua
759 628 927 708 stupebam
952 627 1030 703 istic,
1057 648 1115 690 nec
1144 625 1309 702 immerito,

317 720 437 783 incolas
456 720 625 801 plerosque
646 712 709 783 non
729 740 820 801 pane,
838 742 901 783 non
920 720 999 795 cibo,
1015 722 1073 783 sed
1090 720 1182 783 sumo.
1193 720 1311 781 herbae

317 839 380 881 non
402 820 484 881 bene
502 819 631 897 olentiS,
653 830 711 882 n'ec
733 819 842 882 hercle
862 819 1018 895 salutaris
1034 819 1176 881 victitare
1186 840 1195 896 ;
1217 838 1311 899 quem

317 938 373 979 ore
396 917 523 997 quidem
545 917 714 999 excipiunt,
739 917 869 979 naribus
893 927 1036 998 egerunt,
1058 928 1093 979 ut
1114 938 1154 979 ex
1175 916 1245 978 istis
1265 925 1312 978 tot
1338 963 1341 967 ,

289 1014 442 1093 5interim
462 1015 603 1078 caminos
621 1015 723 1078 facere
738 1016 912 1078 videantur.
960 1016 1085 1078 Morem
1095 1005 1184 1076 ¹hunc
1202 1013 1311 1077 nescio

316 1115 423 1175 hercle
437 1134 513 1175 num
533 1115 573 1176 ab
590 1114 679 1177 Indis
697 1114 825 1177 Moroni
842 1135 882 1175 an
901 1114 972 1176 Indi
992 1116 1032 1176 ab
1046 1114 1117 1176 istis
1131 1113 1308 1176 didicerint.

317 1211 399 1275 Sunt
413 1212 467 1293 qui
484 1212 583 1275 Indos
598 1214 753 1293 quosdam
765 1214 1037 1276 Torrida·Zonios
1051 1223 1198 1275 auctores
1212 1212 1310 1274 fuisse

316 1322 427 1391 putant
452 1321 515 1373 tam
541 1311 616 1371 clari
640 1311 771 1387 suffitus,
796 1322 831 1373 ut
856 1312 940 1374 intus
961 1312 1057 1374 etiam
1075 1312 1310 1391 nigrescerent:
1335 1351 1337 1354 -

316 1409 491 1489 perplacuit
518 1408 569 1469 his
596 1408 716 1471 scilicet
744 1430 822 1471 suus
850 1410 946 1486 color,
977 1430 1036 1473 nec
1065 1429 1202 1490 aequum
1226 1408 1310 1469 vide·

275 1508 410 1573 robatur
438 1517 472 1567 ut
504 1507 646 1569 eiusdem
674 1507 818 1587 corporis
850 1508 982 1569 interior
1010 1528 1085 1588 pars
1121 1508 1161 1569 ab
1194 1506 1311 1569 extima

316 1604 422 1666 colore
450 1604 596 1667 variaret.
650 1604 687 1665 ld
716 1604 792 1679 scio,
820 1605 896 1667 dum
929 1625 1024 1667 nares
1058 1605 1229 1684 implentur
1256 1624 1309 1665 ex-

316 1702 434 1765 hauriri
464 1702 593 1779 loculos,
623 1712 653 1763 et
682 1702 818 1781 plurima
846 1703 920 1763 hinc
947 1702 1189 1782 generosiorum
1217 1702 1309 1781 patri·

316 1800 421 1861 monia
435 1800 469 1861 in
484 1800 587 1862 fumos
603 1800 771 1863 exhalasse
786 1810 818 1861 et
832 1820 850 1862 e
865 1800 985 1863 domini
1005 1801 1054 1863 sui
1075 1820 1155 1863 naso
1174 1799 1310 1879 turpiter

315 1899 468 1961 evolasse.

439 2214 535 2276 Sscr.
558 2234 586 2295 3.
633 2214 816 2276 Moroniae
840 2212 866 2274 F
868 2232 971 2275 aucis
995 2214 1188 2276 Pnuamsus

272 2413 302 2465 ¹5
359 2387 461 2449 Nune
484 2389 579 2450 habet
600 2389 665 2450 ulla
689 2388 855 2451 Moroniae
876 2411 959 2470 pars,
982 2392 1117 2454 sortasse
1139 2389 1308 2470 nequidem

316 2498 425 2548 noster
450 2487 546 2563 orbis,
573 2497 636 2548 tam
660 2487 765 2548 nobile
791 2497 855 2548 tam
878 2489 1046 2567 pulchrum
1072 2509 1165 2569 quam
1193 2487 1309 2549 Felicis

318 2585 484 2670 Moroniae
506 2585 710 2646 Paradisum:
732 2584 912 2647 mirandum
934 2587 1041 2648 hercle
1061 2606 1152 2665 opuS,
1168 2594 1201 2646 et
1219 2586 1309 2646 cuius

314 2674 408 2744 unius
429 2693 576 2763 aspectus
597 2683 674 2743 tanti
697 2681 820 2768 itineris
838 2694 870 2745 et
891 2685 1029 2746 taedium
1050 2684 1128 2746 satis
1146 2677 1259 2748 levarit
1277 2691 1309 2744 et

314 2777 459 2862 sumptus
474 2781 600 2842 abunde
616 2781 839 2861 compensarit.
933 2844 936 2848 ,
1250 2778 1254 2793 ’

270 2907 301 2943 20
357 2878 545 2959 Perstringit
559 2899 578 2940 a
592 2879 686 2960 longe
708 2879 819 2942 oculos
841 2901 933 2942 mons
947 2881 1071 2955 rutilus
1087 2890 1236 2961 totusque
1251 2881 1308 2958 (sic

314 2978 398 3039 enim
413 2977 463 3039 vel
478 2987 526 3038 est
540 2976 598 3052 vel,
617 2977 702 3056 quod
719 2978 905 3039 tantundem
921 2978 1013 3054 valet,
1030 2977 1167 3055 videtur)
1180 2997 1306 3053 aureus

312 3087 464 3156 aggestus
483 3076 558 3137 olim
573 3094 670 3154 opere
687 3075 733 3137 uti
751 3075 856 3138 ferunt
873 3076 1068 3156 chymistico.
1112 3075 1178 3151 Qui
1192 3086 1305 3153 tamen,

312 3175 339 3236 si
355 3175 441 3236 lubet
463 3174 546 3235 ferro
568 3173 686 3235 metalli
708 3175 805 3236 robur
827 3170 974 3254 experiri,
991 3174 1024 3234 in
1046 3173 1210 3253 pulverem
1225 3173 1307 3234 illico

312 3272 491 3350 evanescit;
513 3272 540 3334 si
556 3271 691 3348 flamma,
708 3271 741 3333 in
755 3273 884 3334 fumum.

269 3393 299 3444 25
354 3371 454 3433 Cuius
474 3370 506 3431 in
526 3369 660 3450 fastigio,
677 3380 816 3432 castrum
833 3371 981 3451 splendet
999 3370 1225 3452 crystallinum,
1240 3382 1308 3434 arte

313 3490 376 3531 non
411 3470 556 3545 humana,
594 3469 675 3532 sicut
711 3469 893 3532 existimant
934 3469 1071 3547 accolae,
1107 3480 1307 3548 concretum;

311 3567 428 3630 etenim
451 3568 554 3629 serunt
579 3567 751 3630 Fortunam
774 3589 792 3629 e
818 3568 907 3630 caelo
929 3568 1089 3647 quondam
1111 3568 1307 3648 deorumque

312 3687 442 3728 numero
457 3665 708 3742 exterminatam,
720 3666 803 3727 hanc
820 3665 879 3726 sibi
895 3667 1004 3727 sedem
1019 3664 1137 3726 terreni
1152 3666 1192 3725 ad
1209 3665 1308 3726 instar

311 3765 388 3827 caeli
399 3765 563 3846 posuisse:
586 3763 636 3825 hic
653 3766 771 3826 bonum
786 3783 904 3825 numen
917 3764 1012 3825 beare
1024 3764 1175 3825 mortales
1189 3764 1307 3826 auxilio
1372 3835 1375 3841 ¹
