3142 4575
346 556 388 619 54
532 538 731 603 nunnus
759 540 916 603 nerra
946 539 1004 603 er
1035 492 1149 602 inan
1213 537 1340 621 [usur

347 711 488 771 numere,
506 695 643 757 rotundo
658 695 754 757 exitu.
802 695 860 757 Ille
875 716 950 758 vere
964 697 1057 778 sapit,
1074 717 1139 760 non
1154 695 1208 776 qui
1226 715 1341 776 parurn

347 792 493 872 loquitur,
511 793 568 854 sed
584 793 637 873 qui
653 795 784 856 multum
801 814 864 855 non
881 793 1065 874 incongrue.

391 890 465 953 Non
482 890 623 971 equitant
646 912 795 972 unquam,
818 912 883 953 non
905 893 1075 971 navigant3
1097 892 1231 955 salutem
1250 913 1342 956 suam

347 988 397 1050 vel
438 988 578 1051 iumento
613 990 664 1052 vel
700 989 823 1052 natanti
862 990 1048 1071 nutantique
1086 990 1173 1071 ligno
1197 991 1342 1053 ⁴credere

320 1110 334 1160 5
347 1086 477 1148 stultum
494 1086 642 1149 iudicant.

389 1184 536 1247 Mortuos
567 1206 632 1247 non
661 1186 767 1248 solent
802 1188 948 1267 sepelire.
1005 1187 1134 1249 Factum
1167 1188 1199 1250 id
1231 1197 1343 1268 putant

349 1280 561 1359 inhumanius
586 1294 620 1345 ut
643 1284 714 1364 quis
738 1297 903 1363 parentem
924 1287 976 1349 vel
1001 1306 1133 1348 uxorem
1158 1287 1341 1361 amicumve,

347 1401 386 1443 eo
417 1382 502 1461 quod
532 1381 637 1443 anima
660 1382 854 1461 deprivetur,
876 1394 962 1445 terra
983 1384 1137 1459 occultet3
1166 1403 1225 1445 nec
1247 1403 1343 1463 posse

348 1478 425 1555 fieri,
456 1490 490 1541 ut
517 1499 589 1541 eum
625 1480 700 1542 olim
732 1482 947 1559 superstitem·
965 1482 1016 1543 vel
1051 1480 1162 1544 amarit
1193 1482 1265 1560 quis
1292 1481 1344 1542 vel

306 1592 336 1628 10
349 1576 522 1655 honorarit,
546 1598 640 1658 quem
662 1580 757 1639 modo
780 1590 940 1641 mortuum
965 1579 1009 1641 ita
1034 1579 1167 1659 supinus
1193 1579 1344 1641 abiecerit

348 1695 391 1752 acv
403 1677 521 1738 nudum
543 1676 704 1739 vermibus
726 1677 951 1757 propinaverit.
996 1676 1136 1739 Suorum
1156 1697 1235 1756 ergo
1255 1677 1343 1739 cada·

347 1793 424 1835 vera
441 1773 527 1854 ligno
550 1774 705 1837 altissimo
726 1776 928 1855 suspendunt
948 1776 1009 1836 sub
1030 1775 1092 1850 dio,
1114 1775 1230 1837 vestita
1249 1795 1344 1855 quam

349 1882 483 1951 possunt
504 1871 750 1952 elegantissime,
768 1884 799 1934 et
821 1872 991 1952 quotannis
1009 1874 1117 1934 visunt
1137 1893 1173 1934 ac
1192 1894 1344 1936 veneran-

350 1976 419 2044 tur;
456 1988 634 2048 quanquam
663 1978 695 2029 et
722 1970 882 2031 veteribus
908 1970 991 2031 hunc
1020 1969 1194 2050 sepeliendi
1223 1989 1344 2031 morem

308 2078 535 2146 15usurpatum
559 2066 657 2129 luisse
680 2067 758 2129 satis
783 2068 899 2129 docent
924 2087 989 2130 non
1018 2088 1127 2148 pauca,
1157 2067 1232 2130 Piae
1257 2086 1346 2147 prae·

349 2162 458 2225 sertim
476 2162 652 2241 Moroniae,
669 2175 883 2227 monumenta.

426 2474 505 2536 Cnr.
530 2473 592 2535 Ill.
637 2473 810 2548 Vnnmrvn,
833 2492 899 2535 vec
923 2472 1087 2536 Monorvrn
1111 2472 1255 2536 Moerus

390 2627 555 2689 Vnnrnnn
577 2627 822 2690 orientalissima
842 2628 1008 2692 Moroniae
1030 2650 1105 2711 pars
1124 2640 1182 2708 est,
1199 2629 1345 2710 proxima

350 2726 544 2806 Viraginiae.

393 2824 442 2886 De
468 2845 530 2904 qua
558 2845 622 2886 non
652 2844 785 2904 quaeres
814 2846 834 2886 a
861 2846 912 2888 me
941 2827 1018 2888 certi
1047 2827 1175 2906 aliquid,
1207 2825 1345 2904 benigne

306 2953 337 2987 20
351 2921 475 2984 Lector.
520 2921 594 2997 Quo
616 2922 647 2982 in
669 2931 752 2984 statu
775 2943 827 2984 res
849 2923 933 2984 illius
954 2923 1137 3004 provinciae
1158 2923 1342 2997 invenerim,

349 3021 539 3100 reliquerim,
574 3019 652 3081 satis
683 3020 813 3099 quidem
847 3032 879 3083 et
913 3021 989 3083 mihi
1021 3032 1145 3096 constat
1176 3031 1208 3082 et
1243 3040 1345 3100 aeque

349 3120 505 3182 constabit
525 3118 601 3180 tibi:
623 3129 655 3180 at
674 3119 701 3180 si
720 3130 754 3180 tu
774 3120 836 3180 huc
856 3119 936 3183 sorte
956 3121 1178 3200 peregrinatus
1195 3120 1288 3182 aliter
1309 3141 1346 3182 se

350 3219 468 3280 habere
503 3217 708 3297 compereris,
746 3219 964 3297 praemonitus
1002 3218 1068 3280 noli
1103 3239 1207 3281 meam
1248 3217 1346 3279 fidem

350 3315 529 3392 criminari;
560 3315 603 3377 ita
632 3315 716 3378 enirn
742 3316 850 3376 omnia
878 3316 920 3377 ibi
948 3337 1031 3388 nova
1059 3316 1139 3377 fiunt
1167 3316 1280 3392 indies,
1311 3327 1346 3377 ut

307 3435 338 3484 25
351 3414 472 3476 facilius
500 3413 606 3494 possis
635 3424 750 3476 certam
784 3413 890 3475 Protei
924 3414 1066 3492 sormam,
1095 3413 1347 3476 chamaeleontis

350 3512 499 3587 colorem,
517 3510 687 3574 crastinam
704 3511 783 3574 caeli
798 3511 910 3573 faciem
925 3512 1120 3592 praedicere.

393 3608 540 3671 Flumina
571 3629 667 3691 saepe
702 3629 804 3670 novos
838 3610 965 3671 canales
992 3610 1154 3685 mirantur,
1185 3610 1347 3690 prioribus

351 3707 550 3770 interclusis:
572 3718 620 3769 est
635 3707 738 3784 etiam,
756 3708 809 3768 ubi

434 3847 568 3904 Plaustra
586 3848 677 3904 boves
696 3847 816 3912 ducunt,
835 3862 894 3917 qua
913 3845 1004 3902 remis
1022 3854 1087 3902 acta
1104 3845 1203 3902 carina
1221 3855 1275 3903 est.
