3142 4575
312 492 349 533 12
494 470 693 532 MUNDUS
722 471 879 533 ALTER
910 472 968 532 ET
1000 472 1116 533 IDEM
1200 472 1303 554 [utut

351 627 387 690 Si
413 628 483 707 quis
508 648 526 689 e
550 628 762 690 nobilissimis
784 628 874 707 regni
899 628 1083 708 proceribus
1107 630 1237 709 crapula
1260 628 1305 690 in·

309 724 439 802 terierit,
462 726 489 787 is
514 726 641 788 demum
664 729 760 804 (totus
785 747 803 787 e
827 726 1044 789 selectissimis
1069 727 1208 807 dapibus
1233 748 1304 789 con·

309 824 415 900 ssatus)
430 824 532 886 servis
550 824 737 904 propinatur
752 824 985 904 deglutiendus,
1004 845 1108 905 neque
1126 825 1174 887 sas
1191 835 1240 887 est
1258 834 1305 886 tot

309 921 439 983 delicias
454 922 596 1001 perdere.

282 1047 296 1096 5
326 1042 330 1055 ·
350 1018 421 1080 Viri
444 1020 484 1081 ad
506 1020 691 1082 miraculum
713 1041 823 1083 crasso
848 1042 983 1102 corpore
1005 1023 1176 1102 obesoque,
1199 1043 1304 1103 neque

225 1102 232 1127 ⁸
309 1117 362 1180 ille
387 1118 503 1198 dignus
531 1129 579 1180 est
603 1139 696 1199 quem
726 1120 853 1195 salutes
882 1121 972 1181 cuius
1000 1131 1140 1182 mentum
1169 1140 1235 1183 non
1262 1122 1302 1183 ad

309 1216 447 1277 medium
459 1237 559 1297 usque
575 1229 686 1297 pectus
701 1220 908 1298 propendeat.
946 1218 1015 1280 Nec
1030 1219 1121 1279 aliter
1135 1239 1170 1280 se
1185 1219 1303 1280 habent

309 1314 452 1391 feminae,
492 1336 624 1395 quarum
662 1318 795 1378 formam
833 1316 933 1379 Italae
970 1317 1206 1396 aliquantulum,
1245 1317 1302 1379 sed

309 1414 445 1475 maxime
460 1415 601 1475 omnium
618 1414 815 1491 Barbaricae,
833 1416 970 1477 imitatae
986 1426 1069 1477 sunt.

268 1532 297 1569 ιο
353 1510 439 1573 Nudi
459 1511 525 1574 fere
546 1532 657 1573 omnes
679 1513 850 1591 incedunt;
872 1534 976 1593 neque
994 1512 1093 1575 vestis
1115 1513 1177 1575 illis
1198 1534 1301 1575 curae.

311 1608 398 1671 Solis
425 1610 664 1690 magistratibus
698 1612 817 1692 quique
845 1622 940 1673 notae
968 1611 1109 1673 melioris
1142 1612 1226 1692 togis
1258 1614 1302 1675 uti

309 1707 389 1785 licet,
407 1730 445 1771 ex
465 1710 591 1771 illorum
607 1730 756 1790 pecorum
771 1710 875 1787 coriis,
893 1730 975 1790 quae
994 1710 1054 1772 soli
1073 1710 1141 1771 suis
1160 1711 1302 1790 ipsorum

309 1807 451 1870 saucibus
465 1829 578 1870 vorare
597 1830 661 1870 uno
681 1808 826 1870 accubitu
846 1819 1026 1888 potuerunt.
1069 1808 1154 1870 Ante
1173 1820 1304 1889 pectora

309 1908 411 1982 modo,
430 1908 518 1968 iuxta
532 1907 745 1987 Virgilianum
766 1908 855 1985 illud,
873 1908 959 1969 ‘sola
979 1908 1084 1969 ferunt
1102 1908 1204 1969 tonsis
1219 1928 1303 1969 man·

267 2026 294 2082 ¹,5
309 2005 376 2066 tilia
392 2005 513 2083 villis’;
534 2005 658 2085 quibus
676 2026 717 2067 ne
735 2006 811 2086 quid
830 2017 947 2086 pereat,
964 2006 1104 2085 guttulas
1119 2005 1303 2068 decidentes

309 2104 467 2183 excipiant
503 2123 622 2183 oraque
657 2105 881 2183 abstergeant:
916 2103 970 2164 illa
1002 2124 1079 2166 vero
1110 2124 1169 2164 usu
1205 2104 1303 2165 nimio

309 2202 429 2264 leviora
459 2222 500 2265 an
533 2202 673 2283 nigriora
704 2202 776 2279 sint,
807 2202 860 2264 vix
892 2202 1037 2262 iudicarit
1069 2201 1302 2265 oculatissimus

309 2311 475 2379 spectator.

350 2399 549 2461 Tardissimo
567 2410 641 2461 sunt
659 2388 790 2480 ingenio
809 2411 841 2461 et
860 2401 900 2460 ad
919 2419 1031 2460 omnes
1050 2398 1198 2461 scientias
1216 2398 1301 2479 inep-

266 2514 296 2549 20
310 2495 443 2573 tissimi;
465 2496 519 2576 qui
535 2507 639 2558 tamen
655 2507 732 2576 quot
747 2507 859 2557 curant
875 2506 960 2558 artes
975 2496 1098 2558 callent.

293 2609 294 2613 ’
351 2594 489 2656 Scholae
524 2605 646 2656 tantum
682 2594 744 2654 illic
784 2594 970 2673 aperiuntur
1004 2594 1231 2673 popinatoriae,
1269 2595 1301 2656 in

309 2693 423 2772 quibus
449 2692 553 2753 omnis
582 2692 729 2752 iuventus
756 2691 881 2766 edendi,
910 2691 1047 2768 bibendi,
1074 2692 1302 2773 scindendique

309 2791 441 2852 scientia
460 2791 566 2852 statim
586 2791 625 2850 ab
645 2789 776 2850 infantia
796 2789 916 2850 erudiri
936 2789 1018 2850 solet
1028 2811 1036 2866 ;
1061 2790 1174 2868 quibus
1193 2790 1303 2852 Archi·

309 2889 443 2950 silenius
465 2888 602 2968 quidam,
628 2887 896 2966 exquisitissimus
922 2887 1026 2961 heluo,
1051 2897 1125 2948 tunc
1150 2890 1302 2968 temporis

266 3008 296 3056 25
310 2987 570 3067 praeficiebatur3
605 2985 831 3066 praelegitque,
862 2985 1086 3065 grammaticae
1114 2987 1191 3063 loco,
1222 2988 1303 3068 frag·

310 3086 396 3146 mina
410 3084 566 3166 quaedam
581 3083 744 3162 Apiciana.
790 3083 893 3146 Instar
907 3084 1127 3161 bibliothecae,
1141 3086 1302 3163 publicum

311 3195 359 3246 est
384 3184 608 3245 cantharorum
634 3182 867 3261 repositorium,
891 3182 923 3242 in
949 3203 1012 3261 quo
1035 3202 1147 3243 omnes
1171 3184 1303 3263 scypho·

311 3303 381 3344 rum
410 3282 540 3343 ordines
574 3280 757 3360 gradusque
789 3301 848 3359 per
876 3291 980 3342 certas
1009 3282 1129 3342 classes
1156 3282 1302 3361 dispone·

311 3383 434 3442 bantur.
481 3379 606 3454 Pocula,
631 3379 750 3440 fercula
781 3379 852 3439 libri
881 3389 965 3455 sunt,
990 3378 1114 3440 minora
1136 3379 1301 3457 tironibus,

267 3504 298 3552 30
312 3479 427 3541 adultis
449 3477 640 3538 maiuscula:
669 3477 741 3538 huic
764 3478 905 3557 cyathus,
924 3477 1024 3538 triens
1045 3476 1101 3552 illi,
1122 3477 1213 3538 alteri
1234 3498 1303 3540 sex·

312 3577 420 3652 tarius,
446 3575 564 3656 gallina
586 3575 667 3653 huic,
691 3575 736 3636 illi
757 3596 861 3652 anser,
884 3575 979 3638 tertio
1000 3594 1110 3654 agnus,
1134 3576 1304 3655 apponitur

312 3686 366 3737 aut
381 3695 488 3754 perna.
527 3674 641 3754 Neque
652 3693 793 3752 unquam
805 3673 938 3734 feriandi
954 3674 1047 3733 datur
1061 3672 1186 3735 licentia
1200 3675 1303 3737 donec

312 3785 412 3836 totum
424 3773 558 3853 quisque
573 3791 707 3852 pensum
719 3770 897 3832 absolverit.
935 3771 1030 3845 Quod
1045 3771 1073 3832 si
1088 3772 1141 3850 qui
1156 3774 1303 3851 septenni
