3142 4575
331 597 370 657 70
515 577 713 639 MUNDUS
742 578 899 639 ALTER
929 578 987 639 ET
1017 578 1132 639 IDEM
1189 577 1265 661 [iro.
1282 599 1319 641 111

330 732 370 795 ad
396 731 614 809 Chatovillam,
647 753 764 813 pagum
796 754 875 796 sane
902 733 1054 812 inclitum,
1080 735 1170 799 cuius
1197 736 1320 800 incolae

330 850 492 910 nunquam
507 850 570 893 non
584 830 697 893 rident.

565 1098 645 1163 Cae.
668 1098 745 1168 Vll.
793 1099 956 1163 Monoura
979 1101 1085 1163 Farrx
1141 1130 1147 1137 ·

371 1248 534 1312 Mononrn
555 1269 631 1311 vere
654 1246 754 1325 Felix,
771 1249 838 1312 sive
861 1251 1082 1313 amoenitatem
1104 1252 1171 1313 sive
1192 1252 1321 1331 opulen-

328 1349 402 1410 tiam
424 1358 555 1429 specteS,
573 1347 796 1409 australiorum
818 1349 984 1428 regionum
1007 1350 1097 1411 facile
1111 1350 1320 1429 principatum

298 1446 457 1533 5obtinet.
513 1446 609 1521 Quod
638 1446 666 1507 si
695 1456 848 1525 quantum
877 1467 954 1527 prae
988 1468 1024 1509 se
1053 1448 1113 1509 fert
1141 1447 1338 1511 divitiarum.

326 1555 446 1607 tantum
472 1564 584 1606 revera
608 1544 797 1624 possideret,
824 1564 939 1606 vereor
967 1566 1008 1606 ne
1031 1545 1105 1606 huic
1133 1545 1321 1625 Aquilonari

326 1644 421 1705 etiarn
444 1642 513 1705 orbi
537 1643 674 1721 palmam
700 1642 914 1722 praeriperet;
946 1644 1003 1705 sed
1029 1642 1099 1703 istis
1124 1664 1194 1705 mos
1219 1654 1268 1705 est
1290 1653 1321 1704 et

326 1762 407 1821 quae
433 1760 497 1803 non
519 1741 637 1804 habent
658 1739 816 1817 simulare,
840 1760 985 1820 quaeque
1014 1741 1133 1802 habent
1161 1751 1320 1803 ostentare

326 1840 504 1921 gloriosius

284 1960 314 1997 10
370 1938 477 2001 Urbes
494 1938 545 2000 hic
561 1949 702 2001 nontam
718 1940 902 2019 frequentes
916 1959 1011 2019 quam
1030 1940 1112 2003 altae
1126 1939 1317 2019 nitidaeque,

326 2037 444 2100 fabrica
464 2047 569 2099 tamen
592 2038 685 2099 valde
706 2037 815 2114 tenui;
838 2047 869 2099 et
891 2037 1040 2118 quicquid
1062 2048 1196 2101 externo
1217 2037 1320 2117 splen·

325 2136 404 2199 dore
419 2135 617 2215 pollicentur,
633 2136 824 2198 intrinsecus
839 2136 969 2197 nimium
985 2137 1142 2199 sordidae.

288 2252 291 2259 ·
368 2234 439 2312 Hic,
453 2256 516 2315 qua
530 2244 620 2316 parte
632 2233 880 2298 Rodomontadii
892 2234 1000 2298 Colles
1012 2234 1178 2316 inaequale
1189 2236 1319 2299 dorsum

325 2334 498 2397 viatoribus
533 2334 717 2396 calcandum
748 2336 910 2414 praebent,
938 2334 1111 2398 Vantarole
1142 2335 1229 2397 Urbs
1260 2345 1319 2412 est,

282 2456 311 2508 15
325 2435 463 2513 superba
484 2432 635 2495 aedificiis
657 2433 714 2494 sed
737 2433 776 2494 ad
799 2432 1034 2494 mendicitatem
1055 2433 1172 2513 indiga.

364 2531 506 2594 Alteram
542 2530 673 2592 orbiculi
707 2529 802 2592 huius
839 2530 996 2593 Moronici
1030 2541 1151 2610 partem
1187 2542 1320 2612 occupat

324 2629 441 2692 Antoia
464 2628 562 2706 Urbs,
584 2628 740 2690 incendiis
761 2627 806 2690 ita
832 2628 927 2691 nimis
949 2629 1089 2691 obnoxia
1110 2639 1144 2691 ut
1165 2649 1207 2690 ne
1227 2640 1319 2691 vetus

327 2728 431 2790 Roma
452 2727 580 2808 quidem
602 2736 665 2788 tam
688 2745 785 2806 saepe
811 2726 1013 2806 flagraverit;
1036 2728 1120 2806 quod
1142 2727 1257 2806 partim
1278 2749 1318 2790 ex

325 2826 439 2888 civium
468 2825 663 2904 negligentia
692 2823 806 2904 partim
829 2845 870 2886 ex
898 2825 1025 2887 aedium
1052 2824 1163 2887 oleosa
1187 2826 1319 2888 materia

282 2943 313 2979 20
325 2923 453 2986 evenire
467 2921 618 2986 credibile
632 2933 690 2986 est.

582 3161 678 3226 Sacr.
702 3185 730 3227 2.
777 3163 898 3226 Morus
922 3165 1045 3226 Porum

367 3313 467 3376 Nano
482 3312 532 3375 hic
547 3333 611 3375 non
626 3332 662 3374 se
677 3313 816 3375 nobilem
831 3312 993 3393 gloriatur,
1007 3322 1128 3375 statuas
1142 3322 1314 3384 atavorum,

323 3418 354 3470 et
368 3407 511 3489 insignia,
529 3427 588 3470 nec
610 3430 674 3471 non
697 3407 883 3470 immensam
904 3406 1072 3487 prosapiae
1092 3426 1170 3467 suae
1190 3405 1316 3480 seriem,

323 3507 417 3570 etiam
437 3508 477 3570 ab
491 3527 646 3570 annorum
667 3518 740 3570 ante
754 3507 865 3568 orbem
879 3505 1042 3566 conditum
1059 3504 1169 3566 decem
1190 3503 1317 3565 milibus

324 3606 496 3670 derivatam
518 3615 692 3669 ostentans.
735 3604 812 3666 Vidi
827 3604 897 3666 istic
911 3603 1103 3682 praelongas
1117 3603 1317 3682 quorundam

281 3733 312 3784 ²5
325 3707 472 3786 porticus,
506 3705 704 3786 cognationis
733 3703 904 3783 stirpisque
933 3721 1010 3762 suae
1039 3701 1140 3776 rectis,
1170 3699 1315 3780 obliquis,

324 3805 513 3867 transversis
548 3803 672 3866 lineolis
707 3801 867 3881 depictas;
910 3819 1044 3879 quorum
1092 3809 1197 3860 tamen
1240 3817 1318 3860 avos

324 3903 439 3966 vicinia
453 3914 600 3978 sartores
618 3899 833 3975 carbonarios,
850 3897 1022 3978 equisones
1036 3897 1210 3976 agnoverit.
