3142 4575
246 572 371 656 clav]
622 573 863 636 murnum
1199 574 1239 650 ⁸9

246 750 327 809 quos
347 730 478 809 porcina
492 729 571 792 facie
594 728 781 790 Munsterus
802 749 837 791 ac
855 728 1112 792 Mandevillanus
1133 728 1240 809 depin-

246 839 371 891 xerunt.
415 827 669 908 Quadrupedum
694 847 783 889 more
809 848 910 908 prona
934 847 1061 908 semper
1089 827 1168 889 facie
1197 827 1239 888 in·

206 982 210 991 ,
245 927 373 1004 cedunt,
403 947 445 989 ne
478 926 555 1007 quid
590 926 674 989 inter
705 927 844 990 eundum
876 926 1077 1006 surreptione
1109 925 1240 1006 dignum

245 1025 506 1106 praetermittant,
551 1045 656 1106 neque
701 1027 824 1088 caelum
866 1044 1008 1105 unquam
1053 1023 1239 1104 suspiciunt.

248 1123 344 1200 Quod
368 1124 407 1186 ad
428 1143 547 1200 vocem,
564 1123 740 1203 grunniunt
759 1123 805 1184 illi
823 1123 960 1204 quidem,
976 1143 1042 1184 non
1057 1123 1238 1202 loquuntur.
1253 1153 1267 1204 5

250 1222 338 1284 Nulli
357 1223 417 1300 hic,
434 1233 656 1302 praeterquam
675 1221 816 1298 senibus,
835 1220 1052 1284 commorandi
1074 1220 1162 1283 locus
1182 1229 1238 1284 est.

251 1319 377 1383 Florem
406 1321 519 1383 aetatis
549 1321 663 1401 cuique
691 1321 742 1383 vel
771 1320 862 1382 Silva
891 1319 1028 1397 Butinia,
1055 1319 1083 1381 si
1111 1318 1241 1381 fortiore

248 1419 353 1480 animo
382 1419 431 1496 sit,
457 1418 516 1495 vel,
543 1420 571 1481 si
600 1419 754 1497 studioso,
780 1417 989 1499 Gymnasium
1016 1417 1241 1480 Bolsecianum

249 1518 370 1580 deterit
416 1517 461 1578 Hi
482 1517 549 1580 sere
570 1538 708 1597 semper,
722 1518 809 1598 quod
829 1517 871 1578 ele
892 1517 968 1596 lupo
990 1515 1105 1579 dicitur
1124 1536 1242 1596 pugna·

248 1626 320 1678 turo
353 1636 389 1677 ac
420 1617 515 1696 vulpe
546 1616 698 1688 famelica,
729 1627 814 1677 terra
842 1623 1023 1690 vescuntur,
1060 1633 1241 1694 quanquam
1256 1642 1285 1678 10

248 1725 322 1775 sunt
337 1714 419 1776 inter
433 1715 493 1775 hos
514 1714 568 1794 qui
588 1716 657 1775 solo
672 1713 790 1775 metalli
808 1713 923 1774 intuitu
937 1713 1048 1774 vivunt
1063 1713 1241 1792 valentque.

252 1812 423 1893 Nunquam
445 1832 547 1892 paene
567 1813 748 1890 dormiunt;
770 1811 848 1873 illud
870 1832 967 1873 unum
990 1810 1059 1872 istis
1081 1810 1242 1873 leoninum

249 1922 306 1973 est.
358 1911 587 1991 Superstitiose
627 1911 799 1972 admodum
836 1909 958 1970 numini
995 1929 1063 1986 suo,
1100 1910 1160 1971 hoc
1195 1919 1244 1971 est

250 2009 388 2090 Chrysio
415 2008 485 2070 Deo
511 2008 709 2086 addicuntur,
737 2028 797 2070 nec
825 2027 965 2088 unquam
994 2017 1049 2068 aut
1077 2007 1244 2088 quiescunt

249 2120 304 2170 aut
318 2108 520 2169 discumbunt
535 2109 637 2170 donec
652 2108 756 2188 ipsum
771 2107 909 2168 viderint
925 2117 955 2168 et
971 2106 1141 2170 adorarint.
1259 2131 1288 2182 15

292 2205 413 2268 Urbem
442 2207 493 2267 hic
518 2205 584 2267 vidi
608 2205 806 2282 Seroliolam,
833 2204 969 2266 maxime
994 2203 1127 2281 foedam,
1150 2224 1244 2285 quam

250 2317 356 2367 tamen
379 2305 515 2367 lustrare
538 2305 656 2367 volenti
681 2305 758 2365 mihi
783 2324 849 2365 non
873 2304 970 2366 licuit.
1015 2303 1245 2383 Unusquisque
1273 2336 1275 2341 v

251 2405 365 2466 civium
385 2404 506 2466 clavem
526 2424 634 2466 secum
654 2414 758 2484 gestat
777 2424 818 2465 ne
844 2403 915 2483 quis
937 2402 1126 2484 peregrinus
1146 2401 1246 2483 ingre·

250 2504 362 2566 diatur.

294 2601 424 2682 Reliqui
449 2621 572 2679 omneS,
596 2622 655 2682 per
676 2602 780 2668 Villas
808 2600 984 2681 Porciglias
1008 2598 1154 2681 dispersi,
1181 2618 1246 2661 non
1261 2626 1290 2661 20

251 2711 314 2763 tam
329 2700 412 2762 casis
427 2720 522 2781 quam
537 2700 694 2763 cubilibus
709 2700 849 2764 contenti
865 2710 949 2762 sunt.

287 2874 354 2930 Hos
372 2892 428 2947 ego
448 2874 593 2943 homines,
607 2875 663 2930 hos
682 2892 791 2942 mores
809 2874 863 2929 has
881 2874 970 2928 urbes
989 2871 1048 2928 vidi
1067 2870 1166 2945 stupui
1184 2872 1245 2942 risi,

251 2980 389 3035 annoque
402 2964 522 3020 demum
537 2962 686 3018 tricesimo
702 2962 817 3018 itineris
834 2960 907 3018 tanti
924 2960 1073 3016 laboribus
1089 2959 1199 3015 fractus
1215 2959 1245 3015 in

251 3050 375 3122 patriam
387 3050 461 3106 redii

448 3212 640 3290 Peregrinus
656 3212 811 3294 quondam
825 3210 858 3273 Α
861 3210 1040 3274 cademicus,
1258 3232 1290 3285 ²5
