3142 4575
239 573 310 617 car.
328 552 366 635 11]
628 552 848 617 MORONIA
1082 645 1086 653 Ι
1175 570 1232 633 «55

283 709 390 771 Urbes
412 709 465 771 hic
484 710 603 773 multae
626 730 768 790 magnae,
792 710 850 771 sed
865 730 997 788 quarum
1013 719 1044 769 et
1062 729 1179 770 nomen
1201 720 1232 770 et

238 806 357 869 fabrica
371 818 509 869 mutatur
523 808 635 871 indies.
1228 860 1232 864 ,

281 904 405 967 Harum
421 906 512 968 facile
527 907 677 987 princeps
692 926 763 967 cum
778 926 839 985 ego
854 906 917 967 huc
932 905 1102 986 primulum
1113 907 1231 986 appuli,

144 1030 146 1035 ·
241 1002 390 1065 Farfallia
418 1004 501 1065 dicta
529 1016 578 1066 est
589 1025 597 1081 ;
630 1014 703 1066 ante
730 1004 907 1065 discessum
935 1022 1020 1078 vero,
1048 1014 1231 1066 senatorum

238 1100 351 1176 edicto,
378 1100 556 1180 Papilionia
581 1102 743 1163 nominata
764 1111 832 1177 est;
862 1102 948 1162 urbs·
964 1101 1108 1177 rotatiliS,
1131 1101 1175 1163 ita
1198 1113 1262 1180 ut5

238 1199 298 1260 hac
317 1198 397 1273 illac,
415 1218 564 1261 curruum
584 1220 684 1276 more,
700 1218 758 1278 pro
776 1198 891 1259 civium
911 1198 1042 1261 arbitrio
1062 1199 1232 1279 circumagi

238 1296 348 1377 possit.
403 1295 547 1377 Singulis
570 1298 734 1359 mensibus
756 1295 854 1357 facies
877 1297 967 1358 urbis
991 1316 1075 1358 nova
1098 1307 1154 1372 est,
1186 1298 1232 1359 sic

238 1395 322 1457 enirn
338 1405 477 1456 structae
488 1405 563 1455 sunt
575 1396 672 1457 aedes
683 1404 717 1455 ut
732 1414 751 1454 a
765 1414 802 1455 se
816 1394 940 1473 possint
954 1395 1075 1475 absque
1089 1394 1232 1475 periculo

237 1492 389 1573 separari.
434 1493 516 1555 Cum
544 1493 680 1572 primum
709 1510 786 1571 ergo
817 1491 977 1553 fastidium
1007 1493 1086 1553 istos
1113 1495 1232 1573 ceperit

237 1590 297 1656 viri
312 1600 367 1651 aut
381 1590 522 1666 viciniae,
536 1589 620 1651 illico
635 1609 749 1651 novam
761 1589 823 1651 sibi
833 1589 977 1668 plateam,
990 1590 1101 1651 sedem
1116 1610 1231 1651 novam
1247 1613 1278 1647 10

238 1699 404 1767 quaerunt.
451 1686 551 1748 Urbis
566 1688 690 1766 insigne
706 1686 781 1748 olim
796 1686 942 1748 Testudo
956 1697 1024 1749 erat
1042 1687 1228 1767 domiporta,

238 1804 309 1845 cum
338 1786 435 1845 verbo
465 1784 627 1864 Sapientis
656 1784 781 1861 Graeci,
819 1788 945 1844 ‘onum
976 1803 1044 1844 nen
1074 1784 1231 1845 nacunz'

239 1902 323 1943 nunc
345 1902 422 1943 vero
445 1881 566 1961 Papilio
587 1882 720 1943 floribus
742 1880 839 1942 variis
861 1881 1015 1958 insidens,
1031 1882 1081 1941 cui
1100 1883 1230 1942 verbum

238 1979 374 2054 additur,
394 1980 586 2041 ‘sonions’

396 2152 492 2213 Sscr.
518 2172 543 2213 1.
587 2150 710 2213 Vrsrrs
730 2171 772 2212 nc
797 2152 918 2213 Mones
943 2153 1065 2215 Porum

281 2283 429 2346 lncotnn
455 2284 570 2364 plumis
593 2282 748 2358 coloratis,
778 2282 888 2346 Indico
912 2306 1008 2360 more,
1034 2285 1230 2363 vestiuntur;
1246 2310 1276 2360 15

237 2383 353 2462 quibus
367 2403 439 2444 curn
454 2382 594 2443 aviculas
608 2381 804 2460 conspiciant
818 2393 930 2443 contra
939 2383 1002 2443 vim
1017 2383 1143 2464 frigoris
1154 2385 1232 2446 satis

237 2492 383 2556 armatas,
407 2479 457 2541 his
479 2491 566 2541 tanto
591 2500 627 2541 se
648 2480 746 2540 tutius
768 2480 907 2542 munitos
929 2492 1092 2542 autumant
1113 2493 1232 2561 quanto

240 2578 301 2658 ipsi
321 2589 385 2640 tam
405 2577 561 2639 imbecillo
576 2589 750 2657 teneroque
770 2577 951 2639 animalium
971 2580 1082 2658 generi
1100 2580 1233 2641 antecel-

238 2677 313 2738 lant.
352 2676 453 2736 Situm
466 2688 572 2738 tamen
584 2678 759 2756 plumarum
773 2676 909 2737 subinde
923 2687 1053 2753 mutant,
1065 2689 1100 2738 ut
1115 2699 1232 2739 novum

238 2775 378 2835 habitum
394 2775 585 2835 mentiantur
595 2795 604 2851 ;
626 2775 706 2835 adeo
719 2785 753 2834 ut
765 2794 846 2853 quae
857 2794 952 2834 mane
963 2775 1114 2836 verticem
1126 2776 1233 2835 obum-
1246 2793 1277 2828 20

238 2873 360 2948 brabat,
376 2872 438 2932 iam
460 2883 534 2933 ante
549 2892 714 2951 vesperam
736 2873 819 2933 talos
840 2883 953 2948 verrat,
971 2893 1116 2952 quaeque
1137 2873 1232 2933 modo

237 2990 351 3049 genua,
369 2989 454 3030 nunc
469 2970 563 3031 altius
577 2969 680 3049 posita
695 2980 807 3048 pectus
821 2970 943 3030 vestiat.

281 3067 409 3128 Ducunt
425 3088 552 3143 uxoreS,
569 3088 648 3147 quas
663 3067 756 3128 etiam
773 3067 805 3126 in
820 3079 945 3145 tempus
961 3079 1067 3129 amant
1082 3068 1231 3144 efflictim,

238 3167 378 3244 dantque
408 3164 470 3225 illis
498 3165 594 3225 iidem
625 3164 801 3244 coniugalis
830 3164 1070 3226 benevolentiae
1095 3186 1232 3245 vereque

237 3263 427 3337 custodiunt,
456 3263 557 3324 donec
586 3263 637 3322 vel
668 3262 721 3322 illa
745 3261 942 3340 displicuerit
969 3262 1019 3321 vel
1049 3262 1109 3340 ipsi
1138 3263 1231 3323 aliam
1245 3274 1276 3322 25

238 3360 374 3421 viderint
415 3345 636 3439 pulchriorem.
689 3359 773 3420 Tum
810 3359 936 3418 demum
971 3357 1130 3438 coniuges,
1167 3379 1231 3419 non

236 3458 366 3520 hercule
381 3457 469 3536 ipsae
484 3457 609 3534 invitae,
626 3465 868 3530 commutantur.
1073 3446 1075 3449 ¹

282 3555 452 3634 Hospitem
469 3555 650 3635 quemlibet,
666 3555 717 3616 vel
732 3573 798 3614 non
814 3563 908 3613 antea
929 3564 1141 3632 conspectum,
1157 3565 1234 3617 trac·

140 3725 143 3733 Ι
238 3664 306 3714 tant
332 3653 427 3714 hodie
452 3652 707 3731 familiarissime,
731 3652 822 3730 quasi
846 3659 1031 3729 perpetuum
1059 3651 1141 3714 inter
1161 3653 1235 3714 illos

238 3751 393 3812 amicitiae
423 3751 536 3812 soedus
565 3751 676 3812 initum
706 3749 805 3824 loret;
835 3745 988 3827 postridie
1016 3757 1120 3809 autem
1148 3750 1235 3811 velut
1247 3771 1279 3820 30

239 3849 381 3928 ignotum
398 3857 609 3927 praetereunt.
