3142 4575
350 556 392 618 34
536 540 736 603 MUNDUS
765 540 922 603 ALTER
953 540 1011 602 ET
1038 540 1176 602 IDEM.
1239 541 1344 621 [tint
1414 531 1416 534 ¹

351 712 409 775 per
437 695 542 775 quieta
569 695 744 777 Pyraeniae
769 696 863 759 litora
889 697 930 759 ad
958 706 1085 777 portum
1113 694 1344 777 optatissimum

350 793 594 871 perveniemus!

393 890 508 953 Navim
537 894 800 971 conscendimus;
835 893 987 955 solvimus
1014 902 1126 973 portu;
1162 901 1194 954 et
1221 891 1284 953 iam
1311 891 1345 953 in

350 987 464 1049 mediis
479 989 627 1052 fluctibus
642 990 809 1071 agitamur.

312 1103 326 1151 5
392 1084 459 1147 Sed
484 1086 534 1147 hic
560 1087 652 1168 friget
677 1088 754 1149 mihi
780 1089 953 1150 etiamnum
978 1088 1122 1151 timidum
1148 1089 1209 1152 hoc
1233 1100 1345 1170 pectus

350 1182 575 1261 reminiscenti,
599 1196 750 1265 quantum
773 1206 834 1248 nos
856 1186 924 1248 istic
943 1187 1117 1266 periculum
1137 1189 1343 1251 evaserimus,

353 1280 435 1345 Ecce
461 1282 545 1344 enim
570 1293 684 1345 nautas
707 1284 747 1345 ad
771 1303 869 1345 unum
895 1304 1007 1347 omnes
1028 1286 1134 1347 ebrios
1160 1285 1345 1365 planissime

349 1380 462 1460 suique
484 1400 596 1460 parum
618 1391 790 1461 compotes
837 1380 901 1443 Hic
922 1402 1007 1444 unus
1028 1382 1144 1445 dormit
1169 1382 1202 1445 in
1228 1384 1345 1465 puppi;

349 1479 429 1541 alter
446 1478 511 1541 sato
529 1478 669 1542 Palinuri
685 1499 806 1541 remum
829 1490 1020 1543 tractaturus
1036 1480 1068 1541 in
1084 1501 1172 1542 mare
1191 1501 1345 1561 praeceps

308 1596 337 1632 10
350 1577 485 1651 decidit3
522 1577 571 1639 cui
605 1578 792 1643 dumunus
820 1587 851 1639 et
878 1578 960 1639 alter
987 1578 1105 1640 frustra
1133 1598 1227 1658 opem
1263 1578 1345 1641 serre

349 1686 482 1752 tentant,
509 1676 614 1738 casuri
643 1686 675 1738 et
703 1675 764 1755 ipsi
792 1674 939 1737 manibus
964 1676 1083 1737 nostris
1108 1676 1224 1738 servati
1252 1686 1344 1739 sunt:

350 1774 424 1835 furit
459 1774 549 1852 alter,
578 1794 764 1855 remumque
792 1774 926 1836 intentat
954 1774 1110 1854 proximo,
1140 1775 1226 1855 quod
1257 1775 1345 1837 socio

349 1872 467 1935 amisso
500 1892 564 1934 non
593 1872 634 1934 sit
666 1872 858 1954 opitulatus:
891 1871 942 1933 cui
970 1872 1032 1949 ille,
1063 1872 1228 1936 lacessitus
1260 1874 1345 1954 inge·

349 1970 469 2032 minato
497 1971 640 2047 verbere,
667 1970 786 2051 pariter
811 1971 1003 2055 respondet:
1036 1970 1177 2032 alterutri
1203 1991 1239 2033 se
1262 1971 1345 2052 parti

307 2068 526 2149 ¹5adiungunt
547 2068 679 2148 reliqui:
708 2070 817 2131 volant
838 2069 897 2130 hac
919 2068 991 2130 illae
1011 2068 1151 2131 minaces
1172 2070 1260 2146 remi,
1282 2070 1343 2131 iam

349 2164 382 2227 in
408 2166 507 2229 fustes
535 2166 690 2243 conversi,
715 2177 746 2228 et
771 2186 856 2228 nunc
885 2186 950 2229 non
977 2166 1113 2246 amplius
1138 2169 1257 2230 undam
1286 2168 1344 2231 sed

272 2299 274 2304 ·
349 2283 458 2326 auram
486 2266 664 2329 verberant.
720 2262 870 2328 Victores
897 2265 962 2327 duo
990 2264 1107 2346 (neque
1139 2264 1201 2327 iam
1235 2266 1345 2347 plures

310 2430 312 2436 ,
349 2367 549 2443 supererant)
571 2364 603 2425 in
626 2383 686 2425 nos
711 2364 844 2439 irruunt,
868 2373 959 2425 torve
980 2363 1148 2438 intuentes,
1173 2374 1344 2446 nostraque

350 2480 446 2522 causa
467 2461 546 2523 haec
567 2461 674 2523 omnia
695 2461 842 2524 evenisse
863 2460 1034 2523 clamitant.
1076 2462 1120 2523 At
1140 2482 1209 2540 nos,
1228 2464 1345 2545 quibus

304 2581 338 2618 ιο
350 2557 464 2638 pudori
492 2558 595 2620 visum
624 2569 672 2621 est
699 2579 719 2621 a
746 2558 878 2620 totidem
903 2558 1001 2620 ebriis
1023 2560 1175 2637 superari,
1201 2581 1343 2641 procum·

350 2656 491 2719 bentium
534 2657 631 2718 armis
674 2656 827 2732 instructi,
869 2656 1061 2737 impotentes
1102 2658 1213 2723 hostes
1252 2659 1344 2722 facile

349 2755 542 2835 subegimus,
566 2753 725 2835 armisque
750 2754 906 2834 spoliatos
932 2755 1119 2835 ligavimus:
1147 2756 1208 2836 ipsi
1230 2767 1344 2820 nautas

350 2853 491 2933 egimus:
520 2852 595 2933 quin
618 2863 649 2915 et
675 2853 789 2933 cymba
810 2853 888 2933 ipsa,
913 2853 1004 2934 quasi
1027 2874 1092 2916 non
1114 2854 1220 2918 minus
1243 2855 1344 2933 ebria,

350 2953 480 3014 nutabat
503 2951 562 3013 hac
587 2951 666 3028 illac,
690 2951 734 3013 ita
753 2961 797 3026 ut,
821 2950 883 3013 nisi
907 2952 1022 3014 siccior
1043 2952 1137 3015 nobis
1156 2953 1243 3016 venti
1266 2973 1344 3016 aura

305 3068 335 3118 25
349 3051 389 3111 ab
411 3050 525 3112 Aeolio
550 3058 621 3112 utre
644 3049 856 3130 opportunius
884 3050 1001 3113 emissa
1020 3049 1163 3112 ssavisset
1187 3061 1219 3113 et
1239 3051 1344 3112 navim

349 3150 444 3229 plane
459 3147 588 3210 invitam
604 3159 690 3211 recta
704 3148 927 3229 promovisset,
943 3148 994 3210 hic
1009 3168 1070 3211 nos
1084 3148 1192 3210 miseri
1206 3149 1344 3229 remiges

349 3267 439 3327 spem
474 3266 600 3308 omnem
635 3267 699 3309 una
726 3267 798 3309 cum
825 3247 1034 3309 cadaveribus
1061 3247 1181 3308 nostris
1208 3248 1344 3310 obscure

350 3345 586 3426 sepelissemus,
623 3364 728 3426 neque
763 3363 903 3425 unquam
938 3343 1108 3424 religiosus
1141 3343 1202 3406 iste
1237 3364 1345 3406 comes

352 3442 469 3505 Bacchi
485 3443 535 3504 sui
548 3453 651 3504 utrem
667 3443 837 3505 invisisset

306 3557 338 3605 30
392 3542 481 3603 Inter
502 3541 724 3622 navigandum,
747 3542 834 3620 quod
856 3560 954 3602 unum
975 3539 1071 3603 silere
1084 3535 1220 3622 nequeo,
1235 3541 1344 3602 obver-

350 3639 480 3701 sabatur
493 3639 595 3701 oculis
609 3639 736 3716 nostris
750 3639 863 3719 procul
876 3659 896 3700 a
909 3637 1056 3714 sinistris,
1070 3638 1174 3700 insula
1188 3639 1344 3719 quaedam

350 3737 413 3799 alta
431 3747 462 3799 et
484 3737 604 3813 nivosa,
627 3737 790 3817 aliquanto
804 3735 984 3813 borealior;
1011 3735 1103 3797 cuius
1119 3756 1236 3798 nomen
1253 3736 1344 3800 ratio·

351 3853 488 3916 nemque
502 3835 622 3916 petenti
637 3853 828 3916 responsum
843 3844 892 3896 est
903 3856 953 3896 :-
