3142 4575
337 539 378 599 40
525 516 724 580 MUNDUS
754 516 912 579 ALTER
944 516 1001 577 ET
1032 514 1148 576 IDEM
1213 514 1291 597 [um.
1308 534 1331 576 11

279 694 281 699 ’
338 687 467 753 sarunt;
499 696 562 755 qua
590 676 690 737 semel
715 674 830 749 audita,
862 672 1073 735 convolarunt
1101 674 1213 735 avidae
1234 674 1330 750 civeS,

338 795 451 853 meque
465 774 604 834 vinctum
616 772 772 835 curiosius
787 772 968 834 intuentur:
990 771 1066 832 dum
1081 791 1146 833 una
1161 772 1332 851 raptricum

337 883 528 947 nostrarum,
552 892 633 951 quae
662 882 745 945 tunc,
769 881 804 932 ut
825 870 1000 946 videbatur,
1020 871 1134 932 ducem
1159 870 1233 951 egit,
1256 871 1331 933 dato

337 971 382 1031 uti
397 989 479 1049 opus
495 980 563 1031 erat
577 969 694 1031 silentii
709 969 812 1049 signo,
828 967 968 1048 reliquas
983 968 1121 1030 allocuta
1135 979 1202 1031 est:

309 1084 322 1131 5
379 1066 443 1141 Qui
459 1067 530 1143 sim,
546 1068 683 1142 cuiasve,
700 1066 825 1128 nescire
844 1086 899 1129 se:
921 1064 1122 1127 solummodo
1136 1066 1169 1127 in
1184 1076 1248 1127 tam
1262 1087 1332 1147 per·

337 1166 421 1227 ditae
444 1165 584 1244 regionis
605 1164 722 1224 finibus
744 1185 795 1225 me
817 1164 1070 1244 deprehensum:
1093 1176 1265 1245 monetque
1287 1177 1330 1242 ut,

337 1273 383 1324 tot
405 1254 564 1343 tantisque
588 1262 823 1341 Locanensium
844 1262 968 1326 iniuriis
998 1263 1171 1338 lacessitae,
1195 1263 1237 1324 de
1258 1282 1332 1323 sera

337 1360 464 1421 tandem
479 1360 620 1422 vindicta
635 1360 782 1439 cogitent,
800 1362 965 1442 lerantque
980 1364 1021 1425 de
1036 1382 1087 1423 me
1102 1361 1261 1423 iudicium.

380 1458 449 1539 Ego
469 1470 596 1539 gentem
615 1478 717 1520 meam
733 1460 952 1540 rationemque
968 1459 1095 1535 erroris
1112 1460 1228 1539 quibus
1242 1461 1331 1540 potui

296 1574 325 1609 10
337 1556 444 1619 verbis
475 1577 511 1618 ac
541 1558 691 1637 gestibus,
725 1556 950 1636 significabam,
985 1579 1036 1619 me
1068 1578 1175 1620 rerum
1197 1558 1332 1640 ¹Loqani·

341 1674 448 1715 carum
477 1676 609 1735 prorsus
636 1657 791 1737 ignarum,
817 1667 849 1717 et
870 1677 911 1717 ex
932 1657 995 1718 illis
1020 1676 1091 1718 esse
1116 1657 1170 1736 qui
1191 1656 1331 1736 ipsarum

337 1766 368 1815 et
393 1754 484 1815 sexui
508 1766 539 1815 et
564 1755 651 1833 genti
676 1757 757 1817 bene
782 1774 909 1834 semper
941 1755 1133 1826 voluissent;
1166 1754 1331 1834 indignum

337 1871 409 1913 esse
445 1853 557 1913 harum
586 1853 755 1915 clementia
784 1864 815 1915 et
850 1853 1014 1914 iustissimi
1044 1852 1207 1933 regiminis
1238 1853 1329 1928 sama,

337 1950 541 2030 peregrinum
568 1951 735 2027 insontem,
758 1950 837 2011 nihil
860 1971 999 2030 unquam
1025 1952 1066 2011 de
1086 1950 1226 2029 ipsarum
1252 1972 1332 2012 sexu

296 2066 325 2114 15
338 2048 421 2109 male
436 2048 590 2124 meritum,
608 2048 726 2109 indicta
739 2069 845 2125 causa,
858 2049 1011 2110 damnari.

381 2146 482 2207 Movit
505 2147 576 2208 illas
598 2167 662 2208 non
683 2166 795 2225 parum
820 2157 883 2208 tam
910 2147 1046 2226 supplex
1070 2146 1181 2223 oratio,
1204 2153 1334 2229 tamque'

338 2264 403 2307 non
425 2244 529 2307 fucata
555 2245 679 2326 species
702 2244 863 2308 veritatis:
892 2244 965 2306 vicit
987 2265 1065 2325 ergo
1086 2246 1213 2307 demum
1235 2248 1334 2309 tutior

338 2343 544 2423 plurimarum
559 2346 724 2419 sententia,
733 2343 872 2405 vinctum
887 2363 938 2402 me
954 2343 1075 2404 scilicet
1086 2343 1118 2404 in
1129 2346 1332 2423 praetoriano

339 2461 475 2519 carcere,
493 2442 669 2522 Gynaecio,
687 2442 889 2516 servandum,
907 2442 1010 2502 donec
1031 2454 1062 2503 et
1084 2443 1186 2522 patria
1208 2463 1280 2504 mea
1302 2456 1333 2505 et

294 2564 326 2600 πο
339 2540 606 2620 peregrinationis
621 2539 799 2600 institutum
814 2538 938 2599 senatui
954 2541 1157 2603 constitisset.

382 2637 446 2700 Hic
470 2659 531 2717 ego
554 2648 586 2698 et
608 2638 735 2717 longam
760 2648 792 2697 et
815 2637 962 2698 miseram
985 2638 1102 2700 servivi
1128 2641 1333 2702 servitutem:

340 2755 451 2816 neque,
471 2737 502 2796 ni
525 2756 575 2797 me
597 2735 718 2814 patriae
739 2755 828 2796 meae
850 2737 944 2814 (quae
966 2737 1078 2797 merito
1100 2757 1158 2816 per
1177 2749 1331 2800 terrarum

339 2837 448 2896 orbem
480 2834 682 2895 Feminarum
708 2833 797 2894 audit
821 2833 1005 2909 Paradisus)
1025 2855 1140 2895 nomen
1162 2850 1331 2913 servasset,

339 2933 431 2994 vivus
452 2933 525 2993 hinc
547 2933 675 2992 demum
698 2931 917 2992 excessissem.
962 2931 1133 2994 Enimvero
1156 2934 1333 3012 Loqanicos

295 3056 325 3104 25
341 3041 496 3111 quotquot
517 3030 769 3108 deprehendunt,
793 3029 844 3091 vel
874 3031 1075 3108 suspendunt
1096 3033 1145 3093 vel
1172 3032 1333 3093 vilissimis

340 3129 451 3190 officiis
477 3129 508 3188 in
535 3129 596 3188 hoc
622 3126 729 3188 infami
753 3147 881 3188 carcere
904 3129 1058 3207 deputare
1083 3130 1194 3205 solent,
1219 3131 1264 3190 sic
1290 3132 1333 3191 ni·

339 3227 453 3286 mirum
478 3226 562 3287 ultae
588 3224 788 3304 quotidianas
812 3225 896 3286 illius
925 3226 1031 3304 gentis
1060 3227 1201 3289 iniurias.
1247 3228 1334 3303 Quot

339 3345 399 3404 ego
416 3324 466 3384 hic
482 3344 546 3385 non
562 3323 749 3402 ignobilium
761 3323 958 3402 captivorum
973 3324 1103 3400 classes,
1117 3326 1157 3386 ad
1173 3325 1335 3389 Herculea

339 3442 439 3502 pensa
468 3431 681 3496 senescentes
710 3421 815 3481 lanam
839 3433 1015 3501 carpentes,
1043 3423 1244 3504 staminaque
1273 3435 1334 3486 tor·

287 3539 318 3587 30
340 3531 475 3600 quentes
490 3518 575 3580 vidi!

382 3617 545 3680 Liberavit
567 3637 618 3678 me
639 3618 766 3679 tandem
788 3619 910 3698 patriae
934 3618 1153 3700 principisque
1175 3638 1236 3683 ram
1259 3620 1334 3684 olim

339 3726 576 3781 sacrosanctum
605 3735 730 3790 nomen,
755 3737 821 3777 non
846 3728 952 3778 tamen
977 3718 1116 3778 solutum
1142 3740 1276 3798 prorsus
1303 3733 1335 3782 et

340 3816 519 3877 iniuratum.
571 3813 749 3892 Tangenda
776 3815 854 3875 mihi
886 3814 1007 3876 scilicet
1034 3817 1101 3877 Ara
1131 3817 1272 3893 lunonis
1303 3832 1335 3880 et
