3142 4575
337 537 378 595 60
522 530 722 596 MUNDUS
750 530 906 595 ALTER
937 530 994 595 ET
1025 531 1142 593 IDEM
1197 530 1274 613 [uo.
1292 550 1328 591 111

338 696 489 767 quantum
519 696 624 767 potest
635 708 643 764 ;
679 688 879 768 animamque
910 708 946 751 se
975 688 1151 769 peccatoris
1180 698 1329 768 torquere

338 794 412 859 rata,
430 785 516 865 quod
531 784 615 847 Aiax
630 784 706 849 olim
725 786 890 848 insaniens
909 786 1061 849 arietibus
1077 786 1191 849 fecisse
1205 786 1328 861 dicitur,

337 882 450 963 poenis
465 893 496 944 et
511 882 651 963 querelis
669 884 777 945 miseri
795 884 941 946 animalis
955 895 1055 946 semet
1074 884 1245 947 admodum
1259 903 1329 945 con·

338 981 467 1043 solatur.

312 1112 326 1160 5
379 1078 472 1140 Alius
496 1099 608 1142 nasum
634 1080 776 1143 sentiens
801 1081 885 1143 ultra
908 1082 1037 1143 modum
1059 1080 1240 1143 excrevisse
1262 1079 1331 1143 lora

338 1176 473 1254 consuit,
489 1178 604 1257 quibus
618 1198 638 1239 a
652 1190 740 1258 tergo
756 1178 932 1240 revinctum
948 1178 1092 1259 excipiat.

379 1274 470 1337 Alius
491 1275 682 1356 argillaceus
700 1275 760 1337 sibi
782 1287 867 1340 totus
881 1277 1007 1340 videtur
1021 1265 1199 1353 vitreusve;
1220 1274 1330 1356 procul

339 1392 416 1453 ergo
444 1373 562 1437 devitat
593 1374 714 1451 obvios,
744 1376 864 1437 veritus
898 1397 948 1452 ne,
978 1376 1006 1439 si
1034 1376 1143 1438 forsan
1175 1374 1208 1435 in
1236 1392 1330 1452 quem

338 1470 508 1534 violentius
522 1472 696 1553 impegerit,
713 1473 797 1536 illico
811 1474 1037 1554 confringatur.

761 1630 858 1692 Sucr.
880 1650 900 1691 2

297 1801 326 1837 ιο
380 1773 430 1834 ΑΒ
447 1771 596 1833 Ochietto
614 1769 736 1847 Monte,
754 1769 914 1832 Larmium
935 1770 1053 1832 salsum
1072 1771 1205 1834 Flumen
1220 1770 1331 1847 oritur,

340 1870 484 1951 rigatque
509 1869 677 1931 maximam
703 1869 798 1930 huius
824 1869 1005 1949 provinciae
1033 1881 1165 1951 partem.
1209 1870 1276 1933 Sed
1301 1879 1333 1932 et

340 1968 502 2048 regionem
527 1969 608 2030 hanc
637 1977 734 2029 totam
757 1979 982 2048 pertranseunt
1009 1969 1137 2031 Montes
1161 1968 1331 2048 Traurigii,

339 2077 373 2127 ut
395 2066 516 2127 ltaliam
536 2065 697 2147 Apennini
708 2088 717 2144 ;
746 2066 800 2147 qui
817 2066 983 2129 horrorem
1002 2066 1067 2129 fere
1087 2067 1242 2129 incutiunt
1263 2066 1333 2127 dira

341 2164 476 2244 quadam
498 2164 681 2235 solitudine,
711 2164 789 2225 nihil
819 2165 903 2227 enim
927 2166 977 2226 hic
1006 2165 1183 2245 conspicies
1207 2174 1334 2245 praeter

298 2293 326 2343 15
341 2282 488 2326 ursorum
517 2274 607 2326 antra
636 2273 666 2326 et
694 2264 853 2344 tuguriola
881 2283 1039 2345 sagarum.
1081 2263 1231 2326 Abundat
1263 2262 1333 2325 istic

341 2372 508 2443 utrumque
537 2363 689 2424 malarum
716 2363 888 2425 bestiarum
915 2383 1027 2443 genus.
1075 2362 1188 2438 Ursus,
1215 2362 1333 2424 animal

341 2480 416 2522 vere
431 2460 700 2534 melancholicum,
718 2479 775 2539 per
790 2460 927 2523 hiemem
942 2471 1038 2522 totam
1059 2461 1092 2522 in
1109 2459 1333 2522 obscurissima

342 2577 438 2621 cavea
459 2559 614 2621 delitescit
638 2559 802 2638 pedesque
826 2558 886 2620 sibi
909 2559 1078 2621 lambendo
1099 2558 1184 2621 vivit.
1228 2557 1333 2637 Sagae

343 2657 522 2738 decrepitae
551 2656 695 2719 aniculae
730 2667 762 2718 et
797 2657 989 2737 impotentes
1024 2656 1139 2718 attritis
1174 2655 1330 2732 dentibus,

298 2787 329 2821 20
343 2775 423 2836 quae
441 2756 548 2817 omnia
569 2776 604 2817 se
626 2774 722 2835 posse
743 2765 855 2836 putant
873 2756 924 2818 vel
946 2755 1102 2817 tantillum
1123 2755 1331 2830 mussitando,

343 2854 427 2916 ciere
452 2863 664 2935 tempestates,
693 2853 778 2915 rivos
807 2852 929 2931 sistere,
957 2852 1078 2916 mederi
1101 2853 1230 2931 morbis,
1253 2852 1333 2915 exci-

342 2953 408 3016 tare
439 2963 600 3016 mortuos:
634 2953 723 3033 ipsae
746 2962 851 3014 tamen
878 2951 1003 3013 interim
1031 2971 1109 3032 prae
1139 2971 1227 3014 mera
1251 2951 1335 3012 same

341 3052 527 3114 moriuntur.

385 3151 542 3212 Montium
573 3150 704 3213 istorum
733 3150 816 3212 latus
844 3152 1029 3212 umbrosum
1057 3148 1160 3229 operit
1189 3147 1334 3210 Bubonia

299 3269 329 3319 ²5
344 3247 440 3326 Silva,
464 3249 605 3329 spectris
630 3250 675 3311 uti
697 3248 802 3310 ferunt
822 3247 925 3325 vicini,
949 3258 1105 3329 perpetuo
1126 3246 1273 3309 infestata
1297 3265 1333 3307 ac

342 3347 527 3424 mortalibus
542 3347 636 3409 invia.

384 3444 656 3526 Lycanthropicos
673 3465 731 3526 per
750 3447 832 3508 hanc
851 3446 962 3508 silvam
984 3445 1102 3526 passim
1114 3436 1333 3506 ¹discurrentes

341 3543 483 3622 videbis;
505 3544 696 3624 territusque
710 3545 784 3625 plus
802 3545 888 3620 satis,
906 3545 939 3606 ni
954 3544 1088 3606 istorum
1101 3560 1222 3604 morem
1236 3540 1334 3602 vocis·

342 3663 404 3724 que
418 3643 561 3706 fraudem
576 3643 790 3724 praenoveris,
807 3642 919 3706 audies
933 3642 1101 3704 ululantes.

300 3758 331 3808 30
361 3797 367 3808 .
385 3741 451 3804 Sed
473 3754 504 3806 et
525 3742 557 3804 in
575 3742 669 3804 Valle
691 3741 829 3818 Gramia,
849 3740 1008 3804 montibus
1029 3740 1117 3801 hisce
1138 3737 1331 3812 subiacente,

345 3842 492 3903 oberrant
516 3840 652 3921 plurimi,
676 3859 756 3919 quos
781 3840 930 3921 princeps
954 3858 1101 3919 sagarum
1129 3836 1278 3901 Melaena
1300 3837 1333 3898 in
1430 3863 1433 3868 ·
