3142 4575
336 510 376 569 88
521 507 720 570 MUNDUS
749 507 906 570 ALTER
937 508 994 570 ET
1026 509 1141 570 IDEM
1202 508 1279 592 [tia.
1295 527 1329 570 1v

378 663 404 724 F
406 665 545 744 ripperia
564 665 713 726 omnibus
733 676 764 726 et
784 665 938 726 artificum
959 665 1132 745 generibus
1153 665 1327 742 instruitur,

336 763 487 823 mercium
510 762 634 823 officina
657 774 762 824 tamen
789 763 839 824 hic
869 763 974 825 nulla:
1004 763 1163 825 continuis
1194 763 1330 843 quisque

336 860 527 922 clamoribus
551 870 650 921 artem
676 871 820 921 suamet
848 880 970 922 merces
996 861 1128 940 exponit
1153 859 1329 922 transeunti

335 958 463 1038 populo.
1315 969 1318 976 '

309 1079 322 1126 5
377 1055 443 1118 Sed
464 1055 781 1136 pharmacopolarum
803 1055 943 1136 profecto
965 1055 1016 1117 hic
1040 1057 1113 1136 plus
1136 1077 1230 1137 quam
1252 1057 1330 1120 satis

337 1163 392 1228 est,
422 1173 557 1233 quorum
586 1154 672 1215 fraus
704 1153 807 1214 omnis
840 1154 873 1215 in
905 1153 1064 1216 mutandis
1094 1154 1330 1234 miscendisque

336 1251 526 1331 pyxidiculis
555 1251 609 1312 vix
641 1251 725 1313 iusto
753 1251 914 1313 volumine
947 1263 1057 1332 posset
1079 1253 1328 1332 comprehendi,

338 1349 440 1410 Dolus
459 1349 560 1410 malus
580 1348 680 1410 sicubi
695 1359 839 1410 occurrat
854 1351 966 1429 palam,
983 1351 1060 1412 satis
1075 1351 1202 1430 quidem
1217 1371 1330 1412 severe

336 1447 501 1527 plectitur:
523 1447 554 1508 id
571 1467 646 1508 vero
663 1467 703 1508 ne
721 1446 775 1508 liat
796 1459 884 1509 cavet
902 1448 1037 1528 quisque
1057 1449 1188 1528 sedulo;
1211 1459 1330 1510 namet

295 1583 323 1616 10
336 1546 448 1607 faciem
471 1556 502 1625 et
523 1555 646 1607 vestem
670 1555 701 1606 et
722 1565 833 1608 vocem
857 1555 889 1607 et
912 1556 1012 1608 artem
1034 1556 1133 1608 mutat
1159 1546 1275 1624 indies,
1296 1558 1331 1607 ut

228 1710 232 1717 ,
336 1646 453 1707 frustra
468 1644 508 1705 sit
523 1644 577 1724 qui
593 1643 689 1705 hodie
704 1643 887 1706 hesternam
903 1656 1055 1724 queratur
1069 1645 1285 1726 imposturam.

377 1743 496 1806 Schola
510 1743 561 1804 hic
579 1743 705 1823 publica
720 1743 752 1802 in
767 1744 928 1806 suburbiis
947 1745 1095 1823 aperitur,
1114 1764 1179 1806 non
1200 1743 1330 1806 hercule

336 1841 512 1918 incelebris
544 1843 576 1902 in
608 1862 671 1920 qua
704 1861 763 1902 sua
796 1862 849 1903 ars
885 1843 1037 1904 iuventuti
1070 1843 1212 1923 quotidie
1243 1863 1330 1922 prae-

337 1941 461 2021 legitur.

295 2069 324 2118 15
379 2039 443 2100 His
457 2038 575 2100 scilicet
589 2038 739 2101 Alcorani
754 2039 859 2101 locum
876 2039 996 2102 obtinet
1013 2039 1233 2120 antiquissima
1250 2039 1332 2102 Mer·

338 2138 415 2199 curii
437 2137 591 2212 Historia,
616 2137 685 2198 orbi
707 2148 817 2199 nostro
839 2139 966 2218 penitus
988 2138 1115 2218 ignota:
1137 2159 1218 2218 quae
1238 2139 1332 2201 docet

337 2256 432 2317 quam
453 2235 585 2299 feliciter
607 2234 783 2316 Cyllenius,
803 2235 908 2298 adhuc
930 2235 1042 2315 infanS,
1064 2257 1083 2299 a
1107 2235 1259 2317 Neptuno
1280 2235 1332 2299 tri·

337 2336 473 2411 dentem,
501 2357 520 2397 a
547 2335 650 2396 Marte
674 2335 824 2414 gladium,
849 2336 889 2397 ab
911 2335 1059 2416 Apolline
1089 2355 1196 2397 arcum
1221 2336 1331 2415 phare·

337 2445 490 2513 tramque,
506 2453 525 2494 a
539 2432 685 2493 Vulcano
700 2433 861 2513 forcipem,
878 2454 898 2494 a
911 2433 1040 2496 Venere
1056 2434 1218 2513 cingulum
1236 2433 1332 2495 suffu-

295 2558 326 2593 πο
339 2543 426 2593 ratus
445 2532 493 2606 sit,
510 2531 551 2592 ab
567 2530 643 2593 love
658 2532 777 2593 fulmen
796 2532 1002 2612 surripuerit;
1031 2553 1068 2594 ac
1088 2532 1204 2594 deinde
1225 2532 1332 2594 subdit

338 2630 509 2709 omnigena
530 2630 739 2691 defraudandi
762 2631 952 2711 furandique
974 2632 1172 2707 documenta,
1195 2632 1331 2693 tironem

338 2728 482 2809 plurimis
503 2728 607 2789 modis
623 2729 743 2791 docens
765 2739 914 2790 excutere
935 2749 1051 2807 seram,
1066 2730 1231 2811 pessulum
1250 2750 1332 2793 rese·

338 2847 420 2905 rare,
435 2828 519 2890 lente
538 2848 666 2889 movere
687 2829 810 2907 pedem,
827 2847 919 2889 arcae
939 2828 1001 2889 iam
1021 2829 1148 2890 clausae
1168 2828 1256 2889 filum
1272 2830 1331 2891 vis·

338 2946 447 2988 cosum
478 2925 654 3003 immittere,
685 2927 801 2987 intacta
833 2946 983 2987 crumena
1013 2947 1175 2987 nummum
1207 2927 1330 3004 elicere,

297 3026 425 3107 25q110d
439 3025 552 3087 feceris
566 3036 696 3087 strenue
710 3025 853 3105 peierare
869 3045 927 3086 nec
943 3026 1069 3087 interim
1084 3027 1280 3101 erubescere,
1295 3046 1331 3088 ac

339 3125 425 3187 mille
439 3124 617 3185 istiusmodi
630 3124 771 3197 technaS,
783 3143 916 3203 quarum
928 3144 988 3203 ego
1003 3144 1118 3185 arcana
1129 3122 1333 3185 Caballistica

339 3222 516 3303 disquirere
531 3223 715 3303 contempsi.
1294 3226 1302 3249 ⁸

381 3320 551 3401 Caupones
572 3322 613 3383 ad
629 3342 727 3382 unum
745 3340 857 3381 omnes
879 3319 921 3381 ita
943 3320 1025 3382 male
1045 3319 1099 3381 fidi
1120 3330 1194 3381 sunt
1215 3329 1332 3381 utnon

341 3422 478 3482 audeant
497 3421 641 3501 hospites
660 3419 711 3481 vel
731 3420 798 3479 suis
820 3418 1042 3479 dormientium
1061 3418 1201 3498 pulvillis
1222 3438 1332 3480 aurum

298 3546 329 3595 30
341 3519 532 3596 submittere,
563 3520 614 3581 vel
648 3517 782 3579 sacculis
816 3518 938 3578 arcisve
970 3516 1132 3579 confidere
1161 3516 1333 3595 quamlibet

342 3620 474 3682 ferratis

666 3696 824 3759 (InaVl.
869 3695 1010 3757 Comcm

384 3824 610 3887 Conrcmusnn
624 3818 822 3879 Provinciam
835 3818 1009 3897 prodigiosi
1024 3818 1169 3881 homines
1184 3820 1331 3896 incolunt,
