3142 4575
350 580 392 639 86
536 577 736 640 MUNDUS
765 575 920 638 ALTER
952 576 1009 638 ET
1040 575 1154 638 IDEM
1214 575 1290 658 [ma.
1308 593 1342 637 1v

351 735 505 816 privatam
532 733 662 796 violare.
707 733 775 795 lam
798 743 870 810 ¹turn
898 732 1068 794 convolant
1100 733 1161 793 huc
1190 732 1341 812 hospites,

351 834 405 914 qui
434 844 540 895 tamen
569 831 720 912 quicquid
754 851 863 893 secum
899 830 1062 892 attulerint
1098 829 1210 892 incolis
1244 829 1343 911 gratis

351 931 538 1012 largiuntur.
582 929 684 992 Incidi
706 950 767 1009 ego
789 929 821 988 in
843 949 968 991 sacrum
988 929 1072 990 hunc
1094 948 1212 990 annum
1231 948 1342 1008 perop-

351 1040 495 1111 portune,
519 1039 551 1090 et
573 1048 645 1089 cum
667 1027 856 1108 quibusdam
878 1026 949 1088 aliis
974 1026 1097 1088 itineris
1122 1027 1223 1088 nostri
1248 1025 1343 1088 sociis

314 1156 329 1206 5
352 1126 515 1206 regionem
530 1125 669 1188 lustravi.

394 1225 484 1286 Inter
496 1226 632 1286 eundem
647 1223 818 1286 maximum
833 1221 926 1284 nobis
944 1224 982 1285 ab
1000 1223 1144 1304 Harpyis
1161 1223 1344 1285 imminebat

350 1322 535 1402 periculum,
566 1321 753 1402 quibuscum
782 1320 925 1402 prolecto
956 1321 1068 1384 foedus
1101 1321 1188 1402 pacis
1222 1322 1343 1382 nullum

352 1420 445 1481 nobis
465 1420 560 1482 ferire
580 1420 677 1483 licuit.
720 1419 803 1497 Hac,
820 1441 878 1482 nec
898 1419 965 1482 scio
979 1422 1168 1482 volucresne
1183 1421 1343 1482 dicam‘an

349 1520 533 1597 daemoneS,
550 1539 590 1580 ex
605 1539 669 1599 quo
687 1540 705 1580 a
721 1517 845 1580 Boreae
862 1517 937 1578 filiis
955 1519 1066 1598 pulsae
1089 1519 1223 1594 suerunt,
1241 1518 1293 1580 hic
1309 1529 1344 1580 ut

308 1643 341 1682 ιο
351 1618 434 1678 fama
445 1627 494 1678 est
510 1617 619 1678 sedem
631 1616 691 1677 sibi
702 1627 888 1696 posuerunt.
928 1615 976 1677 Ex
988 1613 1179 1678 transversis
1190 1615 1340 1688 trabibus,

352 1715 384 1775 in
412 1714 518 1776 medio
544 1734 680 1794 quercus
705 1713 953 1789 robustissimae,
979 1714 1073 1776 nidos
1101 1713 1161 1774 sibi
1189 1723 1342 1800 sternunt.

352 1812 418 1875 Ore
432 1815 591 1875 bubonem
607 1812 754 1888 referunt,
772 1813 868 1874 dorso
884 1821 915 1873 et
930 1813 1073 1892 corporis
1092 1812 1176 1874 mole
1196 1811 1341 1873 struthio·

351 1910 513 1988 camelum,
536 1911 651 1992 pennis
676 1911 856 1992 hystricem,
880 1921 985 1972 rostro
1014 1931 1050 1972 ac
1075 1910 1235 1990 unguibus
1260 1909 1339 1990 aqui·

351 2009 424 2072 lam.
469 2009 594 2071 lncolas
619 2009 715 2088 ipsos
740 2009 831 2088 quasi
852 2010 953 2090 probe
974 2008 1133 2092 cognitos·
1150 2007 1344 2070 familiariter

310 2118 552 2188 15exceperunt,
586 2127 776 2187 semperque
812 2106 1000 2168 dimiserunt
1035 2106 1182 2168 illaesos:
1216 2105 1249 2167 in
1284 2127 1343 2168 nos

351 2225 467 2287 magno
488 2206 607 2285 impetu
629 2205 819 2267 involarunt.
869 2204 1024 2285 Quisquis
1045 2223 1103 2284 per
1123 2203 1232 2266 Silvae
1252 2204 1344 2266 istius

352 2304 498 2367 Butiniae
513 2306 640 2366 deserta
654 2304 744 2366 solus
759 2304 899 2365 ambulat
914 2305 1026 2366 harum
1042 2302 1202 2381 unguibus
1223 2304 1345 2383 rapitur

351 2403 434 2464 illico
456 2423 493 2463 ac
517 2392 695 2478 dilaniatur.
742 2400 844 2461 lmmo
870 2401 924 2461 vix
945 2411 1046 2462 tutum
1073 2402 1112 2463 ab
1138 2400 1188 2462 his
1213 2401 1273 2463 iter
1295 2414 1343 2464 est

350 2500 499 2563 decuriae
513 2499 754 2579 peregrinorum
770 2499 890 2578 absque
907 2498 1114 2561 Larcinorum
1130 2498 1299 2580 praesidio

391 2724 473 2787 Car.
488 2723 530 2787 V.
572 2723 699 2785 Vnmrs
723 2723 904 2791 Bucrrrrn.
953 2722 1142 2785 Pusuncun
1166 2724 1295 2787 Monrs

749 2821 939 2883 Bocsacruu

307 3026 340 3061 ,ο
393 2985 516 3049 Κεοῑό
531 2987 593 3049 iam
613 2988 653 3049 ad
668 2986 795 3049 Vallem
814 2986 1001 3067 Bugiettam,
1018 2987 1159 3050 ultimam
1177 2986 1343 3051 Larciniae

350 3095 474 3161 metam,
491 3105 690 3147 communem
705 3096 812 3147 tamen
830 3085 954 3165 utrique
969 3084 1152 3165 provinciae
1166 3094 1293 3147 terram.

389 3183 633 3263 Astrologorum
649 3175 865 3263 ¹gymnasiola
896 3183 946 3244 hic
980 3183 1079 3244 multa
1111 3193 1193 3258 sunt,
1228 3183 1343 3262 quibus
1372 3174 1374 3179 ⁵

350 3281 458 3343 hercle
479 3284 603 3361 (poetas
625 3281 738 3360 excipe
760 3292 791 3344 et
818 3281 980 3359 iuridicos)
1002 3300 1078 3361 prae
1100 3280 1171 3341 aliis
1196 3280 1343 3343 omnibus

347 3380 457 3464 ¹lavere
471 3380 574 3442 solent
591 3380 765 3441 Phenaces.

299 3511 330 3561 ²5
392 3478 479 3554 Quin
495 3488 525 3539 et
542 3478 574 3538 in
589 3478 649 3539 hac
664 3478 733 3558 ipsa
746 3479 830 3540 valle
845 3480 928 3555 (nam
943 3478 1019 3558 quid
1035 3476 1232 3539 dissimulem
1242 3478 1269 3555 i)
1283 3497 1342 3557 ego

351 3576 480 3657 quidem
501 3576 642 3637 conduxi
664 3577 802 3651 domurn,
819 3576 873 3636 ubi
892 3576 1056 3654 praescius
1077 3594 1183 3635 rerum
1203 3575 1343 3637 hariolus

350 3676 502 3737 audacter
516 3674 629 3755 scripsi
644 3673 845 3736 verissimum
860 3673 954 3733 huius
969 3672 1121 3751 temporis
1135 3673 1325 3736 vaticinium.

393 3773 504 3852 Longe
539 3772 745 3833 humaniores
780 3782 854 3831 sunt
891 3769 1047 3831 Larciniis
1084 3770 1258 3849 Phenaces,
1290 3782 1343 3833 aut

350 3872 461 3933 saltem
494 3870 711 3932 crudelitatem
741 3877 890 3930 exercent
925 3868 1026 3947 magis
1061 3878 1234 3945 secretam;
1270 3890 1342 3930 nam
