<?xml version="1.0" encoding="UTF-8"?>
<!DOCTYPE html PUBLIC "-//W3C//DTD XHTML 1.0 Transitional//EN"
    "http://www.w3.org/TR/xhtml1/DTD/xhtml1-transitional.dtd">
<html xmlns="http://www.w3.org/1999/xhtml" xml:lang="en" lang="en">
 <head>
  <title>
</title>
<meta http-equiv="Content-Type" content="text/html;charset=utf-8" />
  <meta name='ocr-system' content='tesseract 3.04.00' />
  <meta name='ocr-capabilities' content='ocr_page ocr_carea ocr_par ocr_line ocrx_word'/>
</head>
<body>
  <div class='ocr_page' id='page_1' title='image "./mundusalteretid00andegoog_0055.png"; bbox 0 0 3142 4575; ppageno 0'>
   <div class='ocr_carea' id='block_1_1' title="bbox 337 550 1327 633">
    <p class='ocr_par' dir='ltr' id='par_1_1' title="bbox 337 550 1327 633">
     <span class='ocr_line' id='line_1_1' title="bbox 337 550 1327 633; baseline -0.003 -20"><span class='ocrx_word' id='word_1_1' title='bbox 337 558 378 633; x_wconf 82' lang='lat'>36</span> <span class='ocrx_word' id='word_1_2' title='bbox 521 552 720 615; x_wconf 88' lang='lat' dir='ltr'><strong>MUNDUS</strong></span> <span class='ocrx_word' id='word_1_3' title='bbox 749 553 905 615; x_wconf 84' lang='lat' dir='ltr'>ALTER</span> <span class='ocrx_word' id='word_1_4' title='bbox 920 553 994 614; x_wconf 82' lang='grc' dir='ltr'>ἘΤ</span> <span class='ocrx_word' id='word_1_5' title='bbox 1021 552 1136 613; x_wconf 90' lang='lat' dir='ltr'>IDEM</span> <span class='ocrx_word' id='word_1_6' title='bbox 1197 564 1205 571; x_wconf 80' lang='grc'>”</span> <span class='ocrx_word' id='word_1_7' title='bbox 1223 550 1327 632; x_wconf 70' lang='lat' dir='ltr'>[mni</span> 
     </span>
    </p>
   </div>
   <div class='ocr_carea' id='block_1_2' title="bbox 299 708 1330 2338">
    <p class='ocr_par' dir='ltr' id='par_1_2' title="bbox 299 708 1330 2338">
     <span class='ocr_line' id='line_1_2' title="bbox 338 708 1325 791; baseline -0.002 -20"><span class='ocrx_word' id='word_1_8' title='bbox 338 720 489 791; x_wconf 90' lang='lat' dir='ltr'>quantum</span> <span class='ocrx_word' id='word_1_9' title='bbox 504 710 588 773; x_wconf 89' lang='lat' dir='ltr'>enim</span> <span class='ocrx_word' id='word_1_10' title='bbox 608 730 670 771; x_wconf 94' lang='lat' dir='ltr'>non</span> <span class='ocrx_word' id='word_1_11' title='bbox 691 709 741 771; x_wconf 87' lang='lat' dir='ltr'>hic</span> <span class='ocrx_word' id='word_1_12' title='bbox 762 729 863 790; x_wconf 87' lang='lat' dir='ltr'>aquae</span> <span class='ocrx_word' id='word_1_13' title='bbox 877 720 932 771; x_wconf 89' lang='lat' dir='ltr'>aut</span> <span class='ocrx_word' id='word_1_14' title='bbox 945 709 1150 771; x_wconf 83' lang='lat' dir='ltr'>tenuissimae</span> <span class='ocrx_word' id='word_1_15' title='bbox 1165 708 1325 783; x_wconf 82' lang='lat' dir='ltr'>cervisiae,</span> 
     </span>
     <span class='ocr_line' id='line_1_3' title="bbox 337 804 1171 888; baseline -0.004 -18"><span class='ocrx_word' id='word_1_16' title='bbox 337 818 458 870; x_wconf 90' lang='lat' dir='ltr'>tantum</span> <span class='ocrx_word' id='word_1_17' title='bbox 473 808 524 869; x_wconf 87' lang='lat' dir='ltr'>isti</span> <span class='ocrx_word' id='word_1_18' title='bbox 539 807 633 869; x_wconf 87' lang='lat' dir='ltr'>huius</span> <span class='ocrx_word' id='word_1_19' title='bbox 647 807 830 869; x_wconf 85' lang='lat' dir='ltr'>calidissimi</span> <span class='ocrx_word' id='word_1_20' title='bbox 846 804 978 888; x_wconf 69' lang='lat' dir='ltr'>liq‘uoris</span> <span class='ocrx_word' id='word_1_21' title='bbox 993 806 1171 868; x_wconf 85' lang='lat' dir='ltr'>infundunt.</span> 
     </span>
     <span class='ocr_line' id='line_1_4' title="bbox 380 903 1328 986; baseline -0.003 -18"><span class='ocrx_word' id='word_1_22' title='bbox 380 905 448 986; x_wconf 87' lang='lat' dir='ltr'>Ego</span> <span class='ocrx_word' id='word_1_23' title='bbox 476 906 571 986; x_wconf 89' lang='lat' dir='ltr'>igitur</span> <span class='ocrx_word' id='word_1_24' title='bbox 598 905 651 986; x_wconf 88' lang='lat' dir='ltr'>qui</span> <span class='ocrx_word' id='word_1_25' title='bbox 680 906 775 967; x_wconf 91' lang='lat' dir='ltr'>modo</span> <span class='ocrx_word' id='word_1_26' title='bbox 800 926 884 985; x_wconf 90' lang='lat' dir='ltr'>aqua</span> <span class='ocrx_word' id='word_1_27' title='bbox 907 904 1116 985; x_wconf 90' lang='lat' dir='ltr'>periclitabar,</span> <span class='ocrx_word' id='word_1_28' title='bbox 1139 924 1223 966; x_wconf 89' lang='lat' dir='ltr'>nunc</span> <span class='ocrx_word' id='word_1_29' title='bbox 1251 903 1328 965; x_wconf 93' lang='lat' dir='ltr'>mihi</span> 
     </span>
     <span class='ocr_line' id='line_1_5' title="bbox 338 1002 1328 1083; baseline -0.005 -19"><span class='ocrx_word' id='word_1_30' title='bbox 338 1004 439 1083; x_wconf 86' lang='lat' dir='ltr'>magis</span> <span class='ocrx_word' id='word_1_31' title='bbox 466 1006 505 1064; x_wconf 94' lang='lat' dir='ltr'>ab</span> <span class='ocrx_word' id='word_1_32' title='bbox 534 1002 680 1065; x_wconf 91' lang='lat' dir='ltr'>incendio</span> <span class='ocrx_word' id='word_1_33' title='bbox 708 1002 897 1064; x_wconf 84' lang='lat' dir='ltr'>metuebam.</span> <span class='ocrx_word' id='word_1_34' title='bbox 940 1003 1097 1065; x_wconf 89' lang='lat' dir='ltr'>Comitem</span> <span class='ocrx_word' id='word_1_35' title='bbox 1120 1022 1197 1081; x_wconf 88' lang='lat' dir='ltr'>ergo</span> <span class='ocrx_word' id='word_1_36' title='bbox 1222 1019 1328 1062; x_wconf 90' lang='lat' dir='ltr'>meum</span> 
     </span>
     <span class='ocr_line' id='line_1_6' title="bbox 300 1097 1329 1184; baseline -0.007 -21"><span class='ocrx_word' id='word_1_37' title='bbox 300 1129 313 1177; x_wconf 84' lang='lat'><strong>5</strong></span> <span class='ocrx_word' id='word_1_38' title='bbox 340 1101 465 1163; x_wconf 90' lang='lat' dir='ltr'>Baccho</span> <span class='ocrx_word' id='word_1_39' title='bbox 480 1121 538 1163; x_wconf 91' lang='lat' dir='ltr'>suo</span> <span class='ocrx_word' id='word_1_40' title='bbox 553 1100 792 1181; x_wconf 89' lang='lat' dir='ltr'>supplicantem,</span> <span class='ocrx_word' id='word_1_41' title='bbox 807 1100 1003 1180; x_wconf 90' lang='lat' dir='ltr'>praecordiis</span> <span class='ocrx_word' id='word_1_42' title='bbox 1018 1100 1098 1162; x_wconf 91' lang='lat' dir='ltr'>meis</span> <span class='ocrx_word' id='word_1_43' title='bbox 1109 1100 1205 1179; x_wconf 89' lang='lat' dir='ltr'>longe</span> <span class='ocrx_word' id='word_1_44' title='bbox 1216 1097 1329 1184; x_wconf 91' lang='lat' dir='ltr'>melius</span> 
     </span>
     <span class='ocr_line' id='line_1_7' title="bbox 339 1198 703 1275; baseline 0.005 -16"><span class='ocrx_word' id='word_1_45' title='bbox 339 1199 550 1275; x_wconf 63' lang='lat' dir='ltr'>consulturus</span> <span class='ocrx_word' id='word_1_46' title='bbox 566 1198 703 1261; x_wconf 88' lang='lat' dir='ltr'>deserui.</span> 
     </span>
     <span class='ocr_line' id='line_1_8' title="bbox 381 1293 1328 1377; baseline -0.006 -20"><span class='ocrx_word' id='word_1_47' title='bbox 381 1296 512 1376; x_wconf 86' lang='lat' dir='ltr'>lamque</span> <span class='ocrx_word' id='word_1_48' title='bbox 540 1298 614 1357; x_wconf 89' lang='lat' dir='ltr'>dum</span> <span class='ocrx_word' id='word_1_49' title='bbox 643 1313 701 1376; x_wconf 89' lang='lat' dir='ltr'>per</span> <span class='ocrx_word' id='word_1_50' title='bbox 724 1308 884 1359; x_wconf 86' lang='lat' dir='ltr'>extremas</span> <span class='ocrx_word' id='word_1_51' title='bbox 910 1297 1069 1377; x_wconf 72' lang='lat' dir='ltr'>Locaniae</span> <span class='ocrx_word' id='word_1_52' title='bbox 1094 1316 1168 1357; x_wconf 87' lang='lat' dir='ltr'>oras</span> <span class='ocrx_word' id='word_1_53' title='bbox 1193 1293 1328 1369; x_wconf 87' lang='lat' dir='ltr'>reditum</span> 
     </span>
     <span class='ocr_line' id='line_1_9' title="bbox 339 1393 1329 1471; baseline -0.004 -16"><span class='ocrx_word' id='word_1_54' title='bbox 339 1394 521 1471; x_wconf 89' lang='lat' dir='ltr'>meditabar,</span> <span class='ocrx_word' id='word_1_55' title='bbox 537 1394 665 1456; x_wconf 60' lang='lat' dir='ltr'>visurus,</span> <span class='ocrx_word' id='word_1_56' title='bbox 688 1394 934 1470; x_wconf 90' lang='lat' dir='ltr'>Houbeloniam,</span> <span class='ocrx_word' id='word_1_57' title='bbox 953 1395 1077 1457; x_wconf 89' lang='lat' dir='ltr'>tertiam</span> <span class='ocrx_word' id='word_1_58' title='bbox 1100 1393 1263 1454; x_wconf 85' lang='lat' dir='ltr'>Yvroniae</span> <span class='ocrx_word' id='word_1_59' title='bbox 1284 1410 1329 1451; x_wconf 89' lang='lat' dir='ltr'>re·</span> 
     </span>
     <span class='ocr_line' id='line_1_10' title="bbox 339 1488 1328 1573; baseline -0.005 -21"><span class='ocrx_word' id='word_1_60' title='bbox 339 1491 475 1573; x_wconf 86' lang='lat' dir='ltr'>gionem,</span> <span class='ocrx_word' id='word_1_61' title='bbox 502 1512 575 1553; x_wconf 88' lang='lat' dir='ltr'>ecce</span> <span class='ocrx_word' id='word_1_62' title='bbox 596 1513 646 1553; x_wconf 93' lang='lat' dir='ltr'>me</span> <span class='ocrx_word' id='word_1_63' title='bbox 668 1492 772 1554; x_wconf 87' lang='lat' dir='ltr'>subito</span> <span class='ocrx_word' id='word_1_64' title='bbox 794 1494 906 1554; x_wconf 89' lang='lat' dir='ltr'>adorta</span> <span class='ocrx_word' id='word_1_65' title='bbox 929 1504 977 1554; x_wconf 90' lang='lat' dir='ltr'>est</span> <span class='ocrx_word' id='word_1_66' title='bbox 998 1502 1118 1553; x_wconf 91' lang='lat' dir='ltr'>armata</span> <span class='ocrx_word' id='word_1_67' title='bbox 1138 1491 1187 1551; x_wconf 89' lang='lat' dir='ltr'>vis</span> <span class='ocrx_word' id='word_1_68' title='bbox 1207 1488 1328 1567; x_wconf 85' lang='lat' dir='ltr'>Viragi·</span> 
     </span>
     <span class='ocr_line' id='line_1_11' title="bbox 300 1590 1325 1671; baseline -0.009 -16"><span class='ocrx_word' id='word_1_69' title='bbox 300 1620 327 1655; x_wconf 87' lang='lat'>10</span> <span class='ocrx_word' id='word_1_70' title='bbox 342 1590 495 1667; x_wconf 90' lang='lat' dir='ltr'>nensium,</span> <span class='ocrx_word' id='word_1_71' title='bbox 511 1590 616 1666; x_wconf 87' lang='lat' dir='ltr'>cinxit,</span> <span class='ocrx_word' id='word_1_72' title='bbox 637 1591 726 1671; x_wconf 91' lang='lat' dir='ltr'>cepit,</span> <span class='ocrx_word' id='word_1_73' title='bbox 748 1590 914 1670; x_wconf 90' lang='lat' dir='ltr'>rapuitque</span> <span class='ocrx_word' id='word_1_74' title='bbox 936 1590 1147 1651; x_wconf 86' lang='lat' dir='ltr'>miserrimum</span> <span class='ocrx_word' id='word_1_75' title='bbox 1170 1605 1325 1662; x_wconf 89' lang='lat' dir='ltr'>erronem,</span> 
     </span>
     <span class='ocr_line' id='line_1_12' title="bbox 341 1686 1307 1768; baseline -0.004 -19"><span class='ocrx_word' id='word_1_76' title='bbox 341 1708 398 1768; x_wconf 89' lang='lat' dir='ltr'>per</span> <span class='ocrx_word' id='word_1_77' title='bbox 413 1687 600 1763; x_wconf 90' lang='lat' dir='ltr'>immensum</span> <span class='ocrx_word' id='word_1_78' title='bbox 615 1688 681 1765; x_wconf 90' lang='lat' dir='ltr'>iter,</span> <span class='ocrx_word' id='word_1_79' title='bbox 699 1689 738 1749; x_wconf 89' lang='lat' dir='ltr'>ad</span> <span class='ocrx_word' id='word_1_80' title='bbox 753 1699 847 1768; x_wconf 91' lang='lat' dir='ltr'>caput</span> <span class='ocrx_word' id='word_1_81' title='bbox 862 1688 951 1768; x_wconf 90' lang='lat' dir='ltr'>regni</span> <span class='ocrx_word' id='word_1_82' title='bbox 967 1686 1228 1767; x_wconf 59' lang='lat' dir='ltr'>Gynaecopolin,</span> <span class='ocrx_word' id='word_1_83' title='bbox 1305 1725 1307 1728; x_wconf 93' lang='lat'>-</span> 
     </span>
     <span class='ocr_line' id='line_1_13' title="bbox 384 1782 1329 1865; baseline -0.005 -18"><span class='ocrx_word' id='word_1_84' title='bbox 384 1786 468 1847; x_wconf 92' lang='lat' dir='ltr'>Nolo</span> <span class='ocrx_word' id='word_1_85' title='bbox 487 1796 591 1847; x_wconf 92' lang='lat' dir='ltr'>tamen</span> <span class='ocrx_word' id='word_1_86' title='bbox 607 1787 735 1865; x_wconf 89' lang='lat' dir='ltr'>aegrius</span> <span class='ocrx_word' id='word_1_87' title='bbox 748 1786 831 1847; x_wconf 84' lang='lat' dir='ltr'>ferre</span> <span class='ocrx_word' id='word_1_88' title='bbox 846 1787 1005 1862; x_wconf 90' lang='lat' dir='ltr'>lectorem,</span> <span class='ocrx_word' id='word_1_89' title='bbox 1022 1786 1108 1864; x_wconf 91' lang='lat' dir='ltr'>quod</span> <span class='ocrx_word' id='word_1_90' title='bbox 1123 1784 1239 1845; x_wconf 87' lang='lat' dir='ltr'>intacta</span> <span class='ocrx_word' id='word_1_91' title='bbox 1252 1782 1329 1843; x_wconf 87' lang='lat' dir='ltr'>mihi</span> 
     </span>
     <span class='ocr_line' id='line_1_14' title="bbox 342 1883 1330 1962; baseline -0.003 -17"><span class='ocrx_word' id='word_1_92' title='bbox 342 1884 401 1945; x_wconf 92' lang='lat' dir='ltr'>hoc</span> <span class='ocrx_word' id='word_1_93' title='bbox 431 1904 505 1945; x_wconf 88' lang='lat' dir='ltr'>casu</span> <span class='ocrx_word' id='word_1_94' title='bbox 534 1894 693 1945; x_wconf 89' lang='lat' dir='ltr'>remaneat</span> <span class='ocrx_word' id='word_1_95' title='bbox 722 1883 884 1945; x_wconf 88' lang='lat' dir='ltr'>Yvroniae</span> <span class='ocrx_word' id='word_1_96' title='bbox 914 1903 988 1962; x_wconf 91' lang='lat' dir='ltr'>pars</span> <span class='ocrx_word' id='word_1_97' title='bbox 1017 1883 1158 1961; x_wconf 88' lang='lat' dir='ltr'>reliqua:</span> <span class='ocrx_word' id='word_1_98' title='bbox 1185 1902 1265 1957; x_wconf 88' lang='lat' dir='ltr'>nam,</span> <span class='ocrx_word' id='word_1_99' title='bbox 1295 1892 1330 1955; x_wconf 84' lang='lat' dir='ltr'>ut</span> 
     </span>
     <span class='ocr_line' id='line_1_15' title="bbox 342 1978 1329 2061; baseline -0.002 -20"><span class='ocrx_word' id='word_1_100' title='bbox 342 1981 418 2042; x_wconf 94' lang='lat' dir='ltr'>mihi</span> <span class='ocrx_word' id='word_1_101' title='bbox 440 1982 579 2043; x_wconf 90' lang='lat' dir='ltr'>narravit</span> <span class='ocrx_word' id='word_1_102' title='bbox 601 2002 741 2061; x_wconf 90' lang='lat' dir='ltr'>nuperus</span> <span class='ocrx_word' id='word_1_103' title='bbox 762 2001 880 2058; x_wconf 76' lang='lat' dir='ltr'>comeS,</span> <span class='ocrx_word' id='word_1_104' title='bbox 896 1991 928 2043; x_wconf 90' lang='lat' dir='ltr'>et</span> <span class='ocrx_word' id='word_1_105' title='bbox 948 1981 1027 2042; x_wconf 91' lang='lat' dir='ltr'>haec</span> <span class='ocrx_word' id='word_1_106' title='bbox 1048 1980 1190 2042; x_wconf 90' lang='lat' dir='ltr'>omnium</span> <span class='ocrx_word' id='word_1_107' title='bbox 1211 1978 1329 2059; x_wconf 90' lang='lat' dir='ltr'>ignobi·</span> 
     </span>
     <span class='ocr_line' id='line_1_16' title="bbox 299 2077 1329 2158; baseline -0.003 -18"><span class='ocrx_word' id='word_1_108' title='bbox 299 2104 329 2153; x_wconf 82' lang='lat'>15</span> <span class='ocrx_word' id='word_1_109' title='bbox 344 2078 462 2140; x_wconf 90' lang='lat' dir='ltr'>lissima</span> <span class='ocrx_word' id='word_1_110' title='bbox 491 2090 546 2155; x_wconf 85' lang='lat' dir='ltr'>est,</span> <span class='ocrx_word' id='word_1_111' title='bbox 571 2090 602 2141; x_wconf 88' lang='lat' dir='ltr'>et</span> <span class='ocrx_word' id='word_1_112' title='bbox 630 2099 741 2158; x_wconf 86' lang='lat' dir='ltr'>parum</span> <span class='ocrx_word' id='word_1_113' title='bbox 766 2079 926 2158; x_wconf 86' lang='lat' dir='ltr'>discrepat</span> <span class='ocrx_word' id='word_1_114' title='bbox 953 2099 972 2138; x_wconf 91' lang='lat' dir='ltr'>a</span> <span class='ocrx_word' id='word_1_115' title='bbox 1000 2078 1123 2152; x_wconf 89' lang='lat' dir='ltr'>ceteris,</span> <span class='ocrx_word' id='word_1_116' title='bbox 1154 2077 1215 2138; x_wconf 86' lang='lat' dir='ltr'>nisi</span> <span class='ocrx_word' id='word_1_117' title='bbox 1244 2078 1329 2157; x_wconf 91' lang='lat' dir='ltr'>quod</span> 
     </span>
     <span class='ocr_line' id='line_1_17' title="bbox 344 2175 1329 2257; baseline -0.001 -20"><span class='ocrx_word' id='word_1_118' title='bbox 344 2176 555 2238; x_wconf 88' lang='lat' dir='ltr'>Houbeloniis</span> <span class='ocrx_word' id='word_1_119' title='bbox 590 2176 695 2239; x_wconf 89' lang='lat' dir='ltr'>minus</span> <span class='ocrx_word' id='word_1_120' title='bbox 723 2198 880 2257; x_wconf 87' lang='lat' dir='ltr'>generosa</span> <span class='ocrx_word' id='word_1_121' title='bbox 908 2177 1046 2237; x_wconf 88' lang='lat' dir='ltr'>ebrietas</span> <span class='ocrx_word' id='word_1_122' title='bbox 1073 2188 1132 2252; x_wconf 86' lang='lat' dir='ltr'>est,</span> <span class='ocrx_word' id='word_1_123' title='bbox 1164 2175 1329 2254; x_wconf 87' lang='lat' dir='ltr'>magisque</span> 
     </span>
     <span class='ocr_line' id='line_1_18' title="bbox 341 2274 477 2338; baseline 0.015 -2"><span class='ocrx_word' id='word_1_124' title='bbox 341 2274 477 2338; x_wconf 86' lang='lat' dir='ltr'>beluina.</span> 
     </span>
    </p>
   </div>
   <div class='ocr_carea' id='block_1_3' title="bbox 0 0 1580 4575">
    <p class='ocr_par' dir='ltr' id='par_1_3' title="bbox 0 0 1580 4575">
     <span class='ocr_line' id='line_1_19' title="bbox 0 0 1580 4575; baseline 0 0"><span class='ocrx_word' id='word_1_125' title='bbox 0 0 1580 4575; x_wconf 95' lang='lat' dir='ltr'> </span> 
     </span>
    </p>
   </div>
  </div>
 </body>
</html>
