<?xml version="1.0" encoding="UTF-8"?>
<!DOCTYPE html PUBLIC "-//W3C//DTD XHTML 1.0 Transitional//EN"
    "http://www.w3.org/TR/xhtml1/DTD/xhtml1-transitional.dtd">
<html xmlns="http://www.w3.org/1999/xhtml" xml:lang="en" lang="en">
 <head>
  <title>
</title>
<meta http-equiv="Content-Type" content="text/html;charset=utf-8" />
  <meta name='ocr-system' content='tesseract 3.04.00' />
  <meta name='ocr-capabilities' content='ocr_page ocr_carea ocr_par ocr_line ocrx_word'/>
</head>
<body>
  <div class='ocr_page' id='page_1' title='image "./mundusalteretid00andegoog_0048.png"; bbox 0 0 3142 4575; ppageno 0'>
   <div class='ocr_carea' id='block_1_1' title="bbox 257 533 861 609">
    <p class='ocr_par' dir='ltr' id='par_1_1' title="bbox 257 533 861 609">
     <span class='ocr_line' id='line_1_1' title="bbox 257 533 861 609; baseline 0.003 -13"><span class='ocrx_word' id='word_1_1' title='bbox 257 554 328 597; x_wconf 71' lang='lat' dir='ltr'>can.</span> <span class='ocrx_word' id='word_1_2' title='bbox 345 533 396 609; x_wconf 76' lang='grc' dir='ltr'>ιιι]</span> <span class='ocrx_word' id='word_1_3' title='bbox 647 534 861 599; x_wconf 85' lang='lat' dir='ltr'><strong>YVRONIA</strong></span> 
     </span>
    </p>
   </div>
   <div class='ocr_carea' id='block_1_2' title="bbox 285 811 1212 887">
    <p class='ocr_par' dir='ltr' id='par_1_2' title="bbox 285 811 1212 887">
     <span class='ocr_line' id='line_1_2' title="bbox 285 811 1212 887; baseline -0.003 -12"><span class='ocrx_word' id='word_1_4' title='bbox 285 812 366 875; x_wconf 75' lang='lat' dir='ltr'>CAP.</span> <span class='ocrx_word' id='word_1_5' title='bbox 392 811 449 873; x_wconf 91' lang='lat' dir='ltr'>IV.</span> <span class='ocrx_word' id='word_1_6' title='bbox 497 811 643 883; x_wconf 77' lang='lat' dir='ltr'>Eoumes</span> <span class='ocrx_word' id='word_1_7' title='bbox 662 812 774 873; x_wconf 77' lang='lat' dir='ltr'>Auum</span> <span class='ocrx_word' id='word_1_8' title='bbox 799 812 904 887; x_wconf 77' lang='lat' dir='ltr'>Donn,</span> <span class='ocrx_word' id='word_1_9' title='bbox 930 812 1108 885; x_wconf 78' lang='lat' dir='ltr'>Lucasoua</span> <span class='ocrx_word' id='word_1_10' title='bbox 1131 812 1212 874; x_wconf 78' lang='lat' dir='ltr'>Loci</span> 
     </span>
    </p>
   </div>
   <div class='ocr_carea' id='block_1_3' title="bbox 204 984 1308 3921">
    <p class='ocr_par' dir='ltr' id='par_1_3' title="bbox 257 984 1308 1457">
     <span class='ocr_line' id='line_1_3' title="bbox 300 984 1308 1066; baseline 0.004 -20"><span class='ocrx_word' id='word_1_11' title='bbox 300 985 337 1047; x_wconf 88' lang='lat' dir='ltr'>Iu</span> <span class='ocrx_word' id='word_1_12' title='bbox 371 984 531 1065; x_wconf 90' lang='lat' dir='ltr'>praetorio</span> <span class='ocrx_word' id='word_1_13' title='bbox 565 985 660 1047; x_wconf 88' lang='lat' dir='ltr'>etiam</span> <span class='ocrx_word' id='word_1_14' title='bbox 689 986 777 1047; x_wconf 90' lang='lat' dir='ltr'>urbis</span> <span class='ocrx_word' id='word_1_15' title='bbox 806 1006 998 1066; x_wconf 91' lang='lat' dir='ltr'>suspensum</span> <span class='ocrx_word' id='word_1_16' title='bbox 1027 987 1091 1048; x_wconf 92' lang='lat' dir='ltr'>vidi</span> <span class='ocrx_word' id='word_1_17' title='bbox 1119 1008 1251 1050; x_wconf 90' lang='lat' dir='ltr'>aureum</span> <span class='ocrx_word' id='word_1_18' title='bbox 1305 1011 1308 1015; x_wconf 91' lang='lat'>·</span> 
     </span>
     <span class='ocr_line' id='line_1_4' title="bbox 257 1082 1251 1163; baseline 0.005 -20"><span class='ocrx_word' id='word_1_19' title='bbox 257 1083 334 1145; x_wconf 93' lang='lat' dir='ltr'>illud</span> <span class='ocrx_word' id='word_1_20' title='bbox 364 1082 492 1159; x_wconf 89' lang='lat' dir='ltr'>dolium,</span> <span class='ocrx_word' id='word_1_21' title='bbox 525 1084 609 1163; x_wconf 92' lang='lat' dir='ltr'>quod</span> <span class='ocrx_word' id='word_1_22' title='bbox 639 1082 798 1163; x_wconf 90' lang='lat' dir='ltr'>equitibus</span> <span class='ocrx_word' id='word_1_23' title='bbox 827 1084 959 1146; x_wconf 87' lang='lat' dir='ltr'>huiusce</span> <span class='ocrx_word' id='word_1_24' title='bbox 988 1084 1109 1146; x_wconf 89' lang='lat' dir='ltr'>ordinis</span> <span class='ocrx_word' id='word_1_25' title='bbox 1134 1106 1251 1148; x_wconf 92' lang='lat' dir='ltr'>nomen</span> 
     </span>
     <span class='ocr_line' id='line_1_5' title="bbox 257 1180 1251 1264; baseline 0.005 -22"><span class='ocrx_word' id='word_1_26' title='bbox 257 1182 334 1243; x_wconf 83' lang='lat' dir='ltr'>dare</span> <span class='ocrx_word' id='word_1_27' title='bbox 355 1181 437 1243; x_wconf 89' lang='lat' dir='ltr'>solet</span> <span class='ocrx_word' id='word_1_28' title='bbox 447 1204 457 1257; x_wconf 81' lang='lat'>3</span> <span class='ocrx_word' id='word_1_29' title='bbox 484 1200 557 1243; x_wconf 91' lang='lat' dir='ltr'>nam</span> <span class='ocrx_word' id='word_1_30' title='bbox 578 1180 632 1261; x_wconf 92' lang='lat' dir='ltr'>qui</span> <span class='ocrx_word' id='word_1_31' title='bbox 649 1191 698 1242; x_wconf 92' lang='lat' dir='ltr'>ter</span> <span class='ocrx_word' id='word_1_32' title='bbox 718 1180 803 1243; x_wconf 90' lang='lat' dir='ltr'>istud</span> <span class='ocrx_word' id='word_1_33' title='bbox 822 1182 949 1243; x_wconf 91' lang='lat' dir='ltr'>sobrius</span> <span class='ocrx_word' id='word_1_34' title='bbox 970 1182 1136 1245; x_wconf 85' lang='lat' dir='ltr'>siccaverit</span> <span class='ocrx_word' id='word_1_35' title='bbox 1152 1204 1251 1264; x_wconf 84' lang='lat' dir='ltr'><strong>eques</strong></span> 
     </span>
     <span class='ocr_line' id='line_1_6' title="bbox 257 1278 1252 1361; baseline 0 -20"><span class='ocrx_word' id='word_1_36' title='bbox 257 1280 374 1341; x_wconf 84' lang='lat' dir='ltr'>exinde</span> <span class='ocrx_word' id='word_1_37' title='bbox 403 1289 527 1343; x_wconf 87' lang='lat' dir='ltr'>creatur</span> <span class='ocrx_word' id='word_1_38' title='bbox 555 1300 574 1341; x_wconf 91' lang='lat' dir='ltr'>a</span> <span class='ocrx_word' id='word_1_39' title='bbox 600 1278 698 1357; x_wconf 85' lang='lat' dir='ltr'>Duce,</span> <span class='ocrx_word' id='word_1_40' title='bbox 728 1279 929 1359; x_wconf 87' lang='lat' dir='ltr'>donaturque</span> <span class='ocrx_word' id='word_1_41' title='bbox 960 1290 1107 1361; x_wconf 89' lang='lat' dir='ltr'>torquato</span> <span class='ocrx_word' id='word_1_42' title='bbox 1134 1280 1252 1361; x_wconf 87' lang='lat' dir='ltr'>insigni</span> 
     </span>
     <span class='ocr_line' id='line_1_7' title="bbox 257 1377 1279 1457; baseline 0.013 -19"><span class='ocrx_word' id='word_1_43' title='bbox 257 1377 430 1457; x_wconf 83' lang='lat' dir='ltr'>dignitatis</span> <span class='ocrx_word' id='word_1_44' title='bbox 1134 1438 1138 1446; x_wconf 94' lang='lat'>.</span> <span class='ocrx_word' id='word_1_45' title='bbox 1266 1403 1279 1451; x_wconf 86' lang='lat'><strong>5</strong></span> 
     </span>
    </p>

    <p class='ocr_par' dir='ltr' id='par_1_4' title="bbox 258 1471 1253 1859">
     <span class='ocr_line' id='line_1_8' title="bbox 300 1471 1251 1565; baseline 0.002 -20"><span class='ocrx_word' id='word_1_46' title='bbox 300 1483 415 1564; x_wconf 88' lang='lat' dir='ltr'>Neque</span> <span class='ocrx_word' id='word_1_47' title='bbox 434 1471 666 1547; x_wconf 87' lang='lat' dir='ltr'>contemnenda</span> <span class='ocrx_word' id='word_1_48' title='bbox 685 1494 759 1545; x_wconf 91' lang='lat' dir='ltr'>sunt</span> <span class='ocrx_word' id='word_1_49' title='bbox 778 1484 892 1545; x_wconf 89' lang='lat' dir='ltr'>horum</span> <span class='ocrx_word' id='word_1_50' title='bbox 913 1484 1052 1563; x_wconf 93' lang='lat' dir='ltr'>equitum</span> <span class='ocrx_word' id='word_1_51' title='bbox 1068 1485 1251 1565; x_wconf 82' lang='lat' dir='ltr'>privilegia3</span> 
     </span>
     <span class='ocr_line' id='line_1_9' title="bbox 258 1580 1251 1662; baseline 0.002 -20"><span class='ocrx_word' id='word_1_52' title='bbox 258 1580 439 1662; x_wconf 90' lang='lat' dir='ltr'>ubicunque</span> <span class='ocrx_word' id='word_1_53' title='bbox 455 1581 539 1644; x_wconf 91' lang='lat' dir='ltr'>enim</span> <span class='ocrx_word' id='word_1_54' title='bbox 555 1592 629 1643; x_wconf 91' lang='lat' dir='ltr'>sunt</span> <span class='ocrx_word' id='word_1_55' title='bbox 647 1592 678 1643; x_wconf 94' lang='lat' dir='ltr'>et</span> <span class='ocrx_word' id='word_1_56' title='bbox 693 1582 814 1643; x_wconf 87' lang='lat' dir='ltr'>mensis</span> <span class='ocrx_word' id='word_1_57' title='bbox 835 1582 1041 1643; x_wconf 89' lang='lat' dir='ltr'>dominantur</span> <span class='ocrx_word' id='word_1_58' title='bbox 1055 1585 1251 1646; x_wconf 87' lang='lat' dir='ltr'>ettabernis.</span> 
     </span>
     <span class='ocr_line' id='line_1_10' title="bbox 258 1677 1253 1760; baseline 0.005 -22"><span class='ocrx_word' id='word_1_59' title='bbox 258 1677 377 1739; x_wconf 91' lang='lat' dir='ltr'>Vinum</span> <span class='ocrx_word' id='word_1_60' title='bbox 402 1680 619 1760; x_wconf 90' lang='lat' dir='ltr'>cuiuscunque</span> <span class='ocrx_word' id='word_1_61' title='bbox 647 1680 775 1759; x_wconf 87' lang='lat' dir='ltr'>generis</span> <span class='ocrx_word' id='word_1_62' title='bbox 806 1680 916 1760; x_wconf 90' lang='lat' dir='ltr'>gratiis</span> <span class='ocrx_word' id='word_1_63' title='bbox 945 1679 1052 1741; x_wconf 89' lang='lat' dir='ltr'>afferri</span> <span class='ocrx_word' id='word_1_64' title='bbox 1084 1680 1194 1743; x_wconf 92' lang='lat' dir='ltr'>iubent</span> <span class='ocrx_word' id='word_1_65' title='bbox 1222 1693 1253 1743; x_wconf 91' lang='lat' dir='ltr'>et</span> 
     </span>
     <span class='ocr_line' id='line_1_11' title="bbox 259 1777 908 1859; baseline 0.002 -21"><span class='ocrx_word' id='word_1_66' title='bbox 259 1777 389 1839; x_wconf 91' lang='lat' dir='ltr'>modum</span> <span class='ocrx_word' id='word_1_67' title='bbox 404 1777 518 1857; x_wconf 91' lang='lat' dir='ltr'>cuique</span> <span class='ocrx_word' id='word_1_68' title='bbox 533 1778 753 1859; x_wconf 89' lang='lat' dir='ltr'>praescribunt</span> <span class='ocrx_word' id='word_1_69' title='bbox 768 1778 908 1858; x_wconf 92' lang='lat' dir='ltr'>potandi.</span> 
     </span>
    </p>

    <p class='ocr_par' dir='ltr' id='par_1_5' title="bbox 258 1872 1299 2544">
     <span class='ocr_line' id='line_1_12' title="bbox 301 1872 1298 1956; baseline 0.002 -22"><span class='ocrx_word' id='word_1_70' title='bbox 301 1872 347 1935; x_wconf 90' lang='lat' dir='ltr'>Hi</span> <span class='ocrx_word' id='word_1_71' title='bbox 375 1874 407 1936; x_wconf 93' lang='lat' dir='ltr'>in</span> <span class='ocrx_word' id='word_1_72' title='bbox 436 1876 524 1937; x_wconf 92' lang='lat' dir='ltr'>omni</span> <span class='ocrx_word' id='word_1_73' title='bbox 551 1876 676 1939; x_wconf 87' lang='lat' dir='ltr'>solenni</span> <span class='ocrx_word' id='word_1_74' title='bbox 706 1876 860 1953; x_wconf 90' lang='lat' dir='ltr'>convivio,</span> <span class='ocrx_word' id='word_1_75' title='bbox 891 1888 925 1938; x_wconf 94' lang='lat' dir='ltr'>ut</span> <span class='ocrx_word' id='word_1_76' title='bbox 953 1877 1147 1956; x_wconf 84' lang='lat' dir='ltr'>gladiatores</span> <span class='ocrx_word' id='word_1_77' title='bbox 1175 1877 1251 1939; x_wconf 91' lang='lat' dir='ltr'>olim</span> <span class='ocrx_word' id='word_1_78' title='bbox 1267 1900 1298 1941; x_wconf 83' lang='lat' dir='ltr'>ro</span> 
     </span>
     <span class='ocr_line' id='line_1_13' title="bbox 261 1972 1253 2055; baseline 0.002 -22"><span class='ocrx_word' id='word_1_79' title='bbox 261 1972 401 2035; x_wconf 91' lang='lat' dir='ltr'>Romani</span> <span class='ocrx_word' id='word_1_80' title='bbox 423 1973 562 2051; x_wconf 74' lang='lat' dir='ltr'>ensibus</span> <span class='ocrx_word' id='word_1_81' title='bbox 586 1974 771 2054; x_wconf 91' lang='lat' dir='ltr'>poculorum</span> <span class='ocrx_word' id='word_1_82' title='bbox 794 1995 927 2035; x_wconf 92' lang='lat' dir='ltr'>numero</span> <span class='ocrx_word' id='word_1_83' title='bbox 949 1976 1164 2053; x_wconf 89' lang='lat' dir='ltr'>contendunt;</span> <span class='ocrx_word' id='word_1_84' title='bbox 1189 1976 1253 2055; x_wconf 90' lang='lat' dir='ltr'>qui-</span> 
     </span>
     <span class='ocr_line' id='line_1_14' title="bbox 258 2072 1254 2151; baseline 0.003 -19"><span class='ocrx_word' id='word_1_85' title='bbox 258 2091 320 2150; x_wconf 87' lang='lat' dir='ltr'>que</span> <span class='ocrx_word' id='word_1_86' title='bbox 358 2072 451 2151; x_wconf 90' lang='lat' dir='ltr'>plura</span> <span class='ocrx_word' id='word_1_87' title='bbox 483 2073 619 2134; x_wconf 90' lang='lat' dir='ltr'>necdum</span> <span class='ocrx_word' id='word_1_88' title='bbox 655 2072 762 2134; x_wconf 93' lang='lat' dir='ltr'>ebrius</span> <span class='ocrx_word' id='word_1_89' title='bbox 798 2073 982 2134; x_wconf 85' lang='lat' dir='ltr'>exhauserit</span> <span class='ocrx_word' id='word_1_90' title='bbox 1017 2074 1119 2135; x_wconf 92' lang='lat' dir='ltr'>victor</span> <span class='ocrx_word' id='word_1_91' title='bbox 1149 2073 1254 2136; x_wconf 90' lang='lat' dir='ltr'>evadit</span> 
     </span>
     <span class='ocr_line' id='line_1_15' title="bbox 259 2168 1254 2253; baseline 0.003 -23"><span class='ocrx_word' id='word_1_92' title='bbox 259 2168 496 2249; x_wconf 88' lang='lat' dir='ltr'>triumphatque</span> <span class='ocrx_word' id='word_1_93' title='bbox 523 2170 617 2253; x_wconf 89' lang='lat' dir='ltr'>serio.</span> <span class='ocrx_word' id='word_1_94' title='bbox 669 2168 841 2231; x_wconf 88' lang='lat' dir='ltr'>Ebrietatis</span> <span class='ocrx_word' id='word_1_95' title='bbox 869 2181 973 2233; x_wconf 89' lang='lat' dir='ltr'>autem</span> <span class='ocrx_word' id='word_1_96' title='bbox 1001 2171 1153 2233; x_wconf 92' lang='lat' dir='ltr'>iudicium</span> <span class='ocrx_word' id='word_1_97' title='bbox 1180 2172 1254 2233; x_wconf 94' lang='lat' dir='ltr'>hinc</span> 
     </span>
     <span class='ocr_line' id='line_1_16' title="bbox 259 2266 1254 2349; baseline 0.003 -21"><span class='ocrx_word' id='word_1_98' title='bbox 259 2266 324 2346; x_wconf 92' lang='lat' dir='ltr'>peti</span> <span class='ocrx_word' id='word_1_99' title='bbox 353 2267 453 2330; x_wconf 91' lang='lat' dir='ltr'>solet:</span> <span class='ocrx_word' id='word_1_100' title='bbox 489 2267 543 2348; x_wconf 93' lang='lat' dir='ltr'>qui</span> <span class='ocrx_word' id='word_1_101' title='bbox 571 2277 755 2349; x_wconf 91' lang='lat' dir='ltr'>protensum</span> <span class='ocrx_word' id='word_1_102' title='bbox 785 2267 917 2348; x_wconf 88' lang='lat' dir='ltr'>digitum</span> <span class='ocrx_word' id='word_1_103' title='bbox 940 2270 1089 2332; x_wconf 91' lang='lat' dir='ltr'>lucernae</span> <span class='ocrx_word' id='word_1_104' title='bbox 1113 2270 1254 2333; x_wconf 89' lang='lat' dir='ltr'>ardentis</span> 
     </span>
     <span class='ocr_line' id='line_1_17' title="bbox 259 2365 1299 2450; baseline 0.002 -25"><span class='ocrx_word' id='word_1_105' title='bbox 259 2365 439 2427; x_wconf 76' lang='lat' dir='ltr'>flammulae</span> <span class='ocrx_word' id='word_1_106' title='bbox 464 2373 550 2428; x_wconf 90' lang='lat' dir='ltr'>&#39;recta</span> <span class='ocrx_word' id='word_1_107' title='bbox 576 2377 681 2448; x_wconf 92' lang='lat' dir='ltr'>potest</span> <span class='ocrx_word' id='word_1_108' title='bbox 704 2367 881 2442; x_wconf 83' lang='lat' dir='ltr'>immittere,</span> <span class='ocrx_word' id='word_1_109' title='bbox 912 2368 1061 2448; x_wconf 91' lang='lat' dir='ltr'>quicquid</span> <span class='ocrx_word' id='word_1_110' title='bbox 1089 2379 1299 2450; x_wconf 86' lang='lat' dir='ltr'>praeterea15</span> 
     </span>
     <span class='ocr_line' id='line_1_18' title="bbox 260 2463 841 2544; baseline 0.003 -20"><span class='ocrx_word' id='word_1_111' title='bbox 260 2463 376 2526; x_wconf 86' lang='lat' dir='ltr'>dixerit</span> <span class='ocrx_word' id='word_1_112' title='bbox 390 2465 540 2544; x_wconf 89' lang='lat' dir='ltr'>egeritve,</span> <span class='ocrx_word' id='word_1_113' title='bbox 556 2466 683 2528; x_wconf 90' lang='lat' dir='ltr'>sobrius</span> <span class='ocrx_word' id='word_1_114' title='bbox 698 2465 841 2528; x_wconf 89' lang='lat' dir='ltr'>habetur.</span> 
     </span>
    </p>

    <p class='ocr_par' dir='ltr' id='par_1_6' title="bbox 260 2559 1255 2744">
     <span class='ocr_line' id='line_1_19' title="bbox 302 2559 1255 2646; baseline 0.009 -25"><span class='ocrx_word' id='word_1_115' title='bbox 302 2559 397 2622; x_wconf 88' lang='lat' dir='ltr'>Habe</span> <span class='ocrx_word' id='word_1_116' title='bbox 413 2563 550 2640; x_wconf 88' lang='lat' dir='ltr'>demum,</span> <span class='ocrx_word' id='word_1_117' title='bbox 568 2563 695 2640; x_wconf 82' lang='lat' dir='ltr'>Lector,</span> <span class='ocrx_word' id='word_1_118' title='bbox 703 2564 968 2646; x_wconf 87' lang='lat' dir='ltr'>Zouffenbergae,</span> <span class='ocrx_word' id='word_1_119' title='bbox 981 2567 1038 2628; x_wconf 89' lang='lat' dir='ltr'>sed</span> <span class='ocrx_word' id='word_1_120' title='bbox 1049 2577 1080 2629; x_wconf 92' lang='lat' dir='ltr'>et</span> <span class='ocrx_word' id='word_1_121' title='bbox 1092 2567 1255 2630; x_wconf 90' lang='lat' dir='ltr'>Yvroniae</span> 
     </span>
     <span class='ocr_line' id='line_1_20' title="bbox 260 2659 930 2744; baseline 0.01 -23"><span class='ocrx_word' id='word_1_122' title='bbox 260 2659 356 2722; x_wconf 91' lang='lat' dir='ltr'>totius</span> <span class='ocrx_word' id='word_1_123' title='bbox 371 2660 479 2742; x_wconf 89' lang='lat' dir='ltr'>leges;</span> <span class='ocrx_word' id='word_1_124' title='bbox 502 2663 673 2744; x_wconf 82' lang='lat' dir='ltr'>risumque,</span> <span class='ocrx_word' id='word_1_125' title='bbox 689 2664 717 2726; x_wconf 90' lang='lat' dir='ltr'>si</span> <span class='ocrx_word' id='word_1_126' title='bbox 732 2677 832 2744; x_wconf 89' lang='lat' dir='ltr'>potes,</span> <span class='ocrx_word' id='word_1_127' title='bbox 849 2675 930 2728; x_wconf 89' lang='lat' dir='ltr'>tene.</span> 
     </span>
    </p>

    <p class='ocr_par' dir='ltr' id='par_1_7' title="bbox 261 2758 1307 3137">
     <span class='ocr_line' id='line_1_21' title="bbox 304 2758 1254 2843; baseline 0.008 -24"><span class='ocrx_word' id='word_1_128' title='bbox 304 2758 489 2839; x_wconf 90' lang='lat' dir='ltr'>Propinanti</span> <span class='ocrx_word' id='word_1_129' title='bbox 510 2763 702 2842; x_wconf 90' lang='lat' dir='ltr'>respondeat</span> <span class='ocrx_word' id='word_1_130' title='bbox 724 2763 859 2842; x_wconf 90' lang='lat' dir='ltr'>quisque</span> <span class='ocrx_word' id='word_1_131' title='bbox 881 2765 994 2826; x_wconf 90' lang='lat' dir='ltr'>eodem</span> <span class='ocrx_word' id='word_1_132' title='bbox 1012 2766 1127 2843; x_wconf 89' lang='lat' dir='ltr'>poculo</span> <span class='ocrx_word' id='word_1_133' title='bbox 1149 2766 1254 2828; x_wconf 92' lang='lat' dir='ltr'>modo·</span> 
     </span>
     <span class='ocr_line' id='line_1_22' title="bbox 261 2861 1307 2942; baseline 0.005 -24"><span class='ocrx_word' id='word_1_134' title='bbox 261 2877 323 2937; x_wconf 91' lang='lat' dir='ltr'>que</span> <span class='ocrx_word' id='word_1_135' title='bbox 338 2877 401 2937; x_wconf 91' lang='lat' dir='ltr'>quo</span> <span class='ocrx_word' id='word_1_136' title='bbox 416 2870 465 2920; x_wconf 91' lang='lat' dir='ltr'>est</span> <span class='ocrx_word' id='word_1_137' title='bbox 479 2870 691 2942; x_wconf 89' lang='lat' dir='ltr'>provocatus:</span> <span class='ocrx_word' id='word_1_138' title='bbox 712 2861 766 2940; x_wconf 90' lang='lat' dir='ltr'>qui</span> <span class='ocrx_word' id='word_1_139' title='bbox 781 2881 875 2923; x_wconf 89' lang='lat' dir='ltr'>secus</span> <span class='ocrx_word' id='word_1_140' title='bbox 889 2861 966 2924; x_wconf 86' lang='lat' dir='ltr'>faxit</span> <span class='ocrx_word' id='word_1_141' title='bbox 981 2862 1111 2924; x_wconf 91' lang='lat' dir='ltr'>biduum</span> <span class='ocrx_word' id='word_1_142' title='bbox 1126 2863 1217 2925; x_wconf 90' lang='lat' dir='ltr'>sitiat.</span> <span class='ocrx_word' id='word_1_143' title='bbox 1270 2889 1307 2934; x_wconf 22' lang='lat'>20,</span> 
     </span>
     <span class='ocr_line' id='line_1_23' title="bbox 304 2955 1255 3039; baseline 0.008 -23"><span class='ocrx_word' id='word_1_144' title='bbox 304 2955 421 3017; x_wconf 88' lang='lat' dir='ltr'>Pocula</span> <span class='ocrx_word' id='word_1_145' title='bbox 446 2977 574 3038; x_wconf 91' lang='lat' dir='ltr'>semper</span> <span class='ocrx_word' id='word_1_146' title='bbox 596 2959 647 3019; x_wconf 91' lang='lat' dir='ltr'>vel</span> <span class='ocrx_word' id='word_1_147' title='bbox 670 2959 767 3039; x_wconf 92' lang='lat' dir='ltr'>plena</span> <span class='ocrx_word' id='word_1_148' title='bbox 792 2959 856 3021; x_wconf 91' lang='lat' dir='ltr'>sint</span> <span class='ocrx_word' id='word_1_149' title='bbox 877 2960 1065 3023; x_wconf 80' lang='lat' dir='ltr'>vel‘vacua:</span> <span class='ocrx_word' id='word_1_150' title='bbox 1094 2961 1255 3024; x_wconf 89' lang='lat' dir='ltr'>dimidiata</span> 
     </span>
     <span class='ocr_line' id='line_1_24' title="bbox 261 3053 1255 3137; baseline 0.008 -24"><span class='ocrx_word' id='word_1_151' title='bbox 261 3053 316 3134; x_wconf 93' lang='lat' dir='ltr'>qui</span> <span class='ocrx_word' id='word_1_152' title='bbox 340 3054 391 3114; x_wconf 92' lang='lat' dir='ltr'>vel</span> <span class='ocrx_word' id='word_1_153' title='bbox 421 3055 605 3134; x_wconf 89' lang='lat' dir='ltr'>apposuerit</span> <span class='ocrx_word' id='word_1_154' title='bbox 629 3055 785 3134; x_wconf 90' lang='lat' dir='ltr'>minister,</span> <span class='ocrx_word' id='word_1_155' title='bbox 810 3057 860 3119; x_wconf 93' lang='lat' dir='ltr'>vel</span> <span class='ocrx_word' id='word_1_156' title='bbox 883 3058 1017 3120; x_wconf 91' lang='lat' dir='ltr'>conviva</span> <span class='ocrx_word' id='word_1_157' title='bbox 1039 3059 1154 3137; x_wconf 93' lang='lat' dir='ltr'>tulerit,</span> <span class='ocrx_word' id='word_1_158' title='bbox 1180 3080 1255 3122; x_wconf 90' lang='lat' dir='ltr'>reus</span> 
     </span>
    </p>

    <p class='ocr_par' dir='ltr' id='par_1_8' title="bbox 262 3152 639 3216">
     <span class='ocr_line' id='line_1_25' title="bbox 262 3152 639 3216; baseline 0.003 -2"><span class='ocrx_word' id='word_1_159' title='bbox 262 3161 332 3214; x_wconf 89' lang='lat' dir='ltr'>esto</span> <span class='ocrx_word' id='word_1_160' title='bbox 347 3152 454 3214; x_wconf 90' lang='lat' dir='ltr'>laesae</span> <span class='ocrx_word' id='word_1_161' title='bbox 469 3153 639 3216; x_wconf 84' lang='lat' dir='ltr'>societatis</span> 
     </span>
    </p>

    <p class='ocr_par' dir='ltr' id='par_1_9' title="bbox 262 3249 1300 3430">
     <span class='ocr_line' id='line_1_26' title="bbox 303 3249 1255 3336; baseline 0.006 -26"><span class='ocrx_word' id='word_1_162' title='bbox 303 3249 435 3311; x_wconf 89' lang='lat' dir='ltr'>Ebrium</span> <span class='ocrx_word' id='word_1_163' title='bbox 458 3249 512 3330; x_wconf 90' lang='lat' dir='ltr'>qui</span> <span class='ocrx_word' id='word_1_164' title='bbox 535 3251 661 3313; x_wconf 91' lang='lat' dir='ltr'>sobrius</span> <span class='ocrx_word' id='word_1_165' title='bbox 682 3253 883 3331; x_wconf 89' lang='lat' dir='ltr'>percusserit,</span> <span class='ocrx_word' id='word_1_166' title='bbox 904 3254 1092 3316; x_wconf 90' lang='lat' dir='ltr'>intestabilis</span> <span class='ocrx_word' id='word_1_167' title='bbox 1113 3255 1173 3333; x_wconf 86' lang='lat' dir='ltr'>sit;</span> <span class='ocrx_word' id='word_1_168' title='bbox 1201 3256 1255 3336; x_wconf 95' lang='lat' dir='ltr'>qui</span> 
     </span>
     <span class='ocr_line' id='line_1_27' title="bbox 262 3347 1300 3430; baseline 0.005 -20"><span class='ocrx_word' id='word_1_169' title='bbox 262 3347 404 3410; x_wconf 90' lang='lat' dir='ltr'>sobrium</span> <span class='ocrx_word' id='word_1_170' title='bbox 419 3349 534 3425; x_wconf 88' lang='lat' dir='ltr'>ebrius,</span> <span class='ocrx_word' id='word_1_171' title='bbox 552 3349 745 3413; x_wconf 90' lang='lat' dir='ltr'>absolvatur.</span> <span class='ocrx_word' id='word_1_172' title='bbox 1271 3381 1300 3430; x_wconf 80' lang='lat'>²5</span> 
     </span>
    </p>

    <p class='ocr_par' dir='ltr' id='par_1_10' title="bbox 204 3446 1256 3627">
     <span class='ocr_line' id='line_1_28' title="bbox 305 3446 1256 3529; baseline 0.006 -21"><span class='ocrx_word' id='word_1_173' title='bbox 305 3446 459 3527; x_wconf 87' lang='lat' dir='ltr'>Quisquis</span> <span class='ocrx_word' id='word_1_174' title='bbox 475 3447 597 3510; x_wconf 93' lang='lat' dir='ltr'>ebrium</span> <span class='ocrx_word' id='word_1_175' title='bbox 612 3448 739 3509; x_wconf 91' lang='lat' dir='ltr'>sobrius</span> <span class='ocrx_word' id='word_1_176' title='bbox 754 3449 946 3529; x_wconf 87' lang='lat' dir='ltr'>spoliaverit,</span> <span class='ocrx_word' id='word_1_177' title='bbox 960 3450 1035 3513; x_wconf 92' lang='lat' dir='ltr'>vino</span> <span class='ocrx_word' id='word_1_178' title='bbox 1049 3451 1256 3514; x_wconf 90' lang='lat' dir='ltr'>interdicatur</span> 
     </span>
     <span class='ocr_line' id='line_1_29' title="bbox 204 3543 1011 3627; baseline 0.01 -24"><span class='ocrx_word' id='word_1_179' title='bbox 204 3575 207 3588; x_wconf 91' lang='lat'>·</span> <span class='ocrx_word' id='word_1_180' title='bbox 263 3543 295 3604; x_wconf 90' lang='lat' dir='ltr'>in</span> <span class='ocrx_word' id='word_1_181' title='bbox 310 3554 517 3624; x_wconf 89' lang='lat' dir='ltr'>perpetuum;</span> <span class='ocrx_word' id='word_1_182' title='bbox 541 3545 595 3625; x_wconf 91' lang='lat' dir='ltr'>qui</span> <span class='ocrx_word' id='word_1_183' title='bbox 611 3545 810 3621; x_wconf 89' lang='lat' dir='ltr'>interfecerit,</span> <span class='ocrx_word' id='word_1_184' title='bbox 828 3547 880 3608; x_wconf 93' lang='lat' dir='ltr'>siti</span> <span class='ocrx_word' id='word_1_185' title='bbox 894 3561 1011 3627; x_wconf 77' lang='lat' dir='ltr'>pereat</span> 
     </span>
    </p>

    <p class='ocr_par' dir='ltr' id='par_1_11' title="bbox 263 3634 1257 3816">
     <span class='ocr_line' id='line_1_30' title="bbox 305 3634 1257 3729; baseline 0.007 -27"><span class='ocrx_word' id='word_1_186' title='bbox 305 3641 369 3716; x_wconf 84' lang='lat' dir='ltr'>Qui</span> <span class='ocrx_word' id='word_1_187' title='bbox 391 3643 507 3704; x_wconf 92' lang='lat' dir='ltr'>siccam</span> <span class='ocrx_word' id='word_1_188' title='bbox 529 3644 664 3705; x_wconf 86' lang='lat' dir='ltr'>salutem</span> <span class='ocrx_word' id='word_1_189' title='bbox 687 3649 835 3724; x_wconf 87' lang='lat' dir='ltr'>precatus</span> <span class='ocrx_word' id='word_1_190' title='bbox 854 3645 947 3707; x_wconf 85' lang='lat' dir='ltr'>suerit</span> <span class='ocrx_word' id='word_1_191' title='bbox 965 3646 1134 3729; x_wconf 87' lang='lat' dir='ltr'>Crapuliae</span> <span class='ocrx_word' id='word_1_192' title='bbox 1156 3634 1257 3729; x_wconf 90' lang='lat' dir='ltr'>Impe-</span> 
     </span>
     <span class='ocr_line' id='line_1_31' title="bbox 263 3739 872 3816; baseline 0.01 -16"><span class='ocrx_word' id='word_1_193' title='bbox 263 3739 370 3816; x_wconf 85' lang='lat' dir='ltr'>ratori,</span> <span class='ocrx_word' id='word_1_194' title='bbox 388 3741 493 3804; x_wconf 89' lang='lat' dir='ltr'>laesae</span> <span class='ocrx_word' id='word_1_195' title='bbox 508 3742 681 3804; x_wconf 90' lang='lat' dir='ltr'>maiestatis</span> <span class='ocrx_word' id='word_1_196' title='bbox 696 3743 872 3806; x_wconf 88' lang='lat' dir='ltr'>damnetur.</span> 
     </span>
    </p>

    <p class='ocr_par' dir='ltr' id='par_1_12' title="bbox 308 3835 1026 3921">
     <span class='ocr_line' id='line_1_32' title="bbox 308 3835 1026 3921; baseline 0.013 -22"><span class='ocrx_word' id='word_1_197' title='bbox 308 3837 532 3902; x_wconf 86' lang='lat' dir='ltr'>Rectilinearis</span> <span class='ocrx_word' id='word_1_198' title='bbox 546 3835 678 3921; x_wconf 75' lang='lat' dir='ltr'>gressus</span> <span class='ocrx_word' id='word_1_199' title='bbox 693 3861 712 3902; x_wconf 92' lang='lat' dir='ltr'>a</span> <span class='ocrx_word' id='word_1_200' title='bbox 727 3861 814 3920; x_wconf 89' lang='lat' dir='ltr'>cena,</span> <span class='ocrx_word' id='word_1_201' title='bbox 830 3844 934 3906; x_wconf 88' lang='lat' dir='ltr'>scelus</span> <span class='ocrx_word' id='word_1_202' title='bbox 948 3855 1026 3908; x_wconf 91' lang='lat' dir='ltr'>esto.</span> 
     </span>
    </p>
   </div>
   <div class='ocr_carea' id='block_1_4' title="bbox 0 0 1585 4575">
    <p class='ocr_par' dir='ltr' id='par_1_13' title="bbox 0 0 1585 4575">
     <span class='ocr_line' id='line_1_33' title="bbox 0 0 1585 4575; baseline 0 0"><span class='ocrx_word' id='word_1_203' title='bbox 0 0 1585 4575; x_wconf 95' lang='lat' dir='ltr'> </span> 
     </span>
    </p>
   </div>
  </div>
 </body>
</html>
