3142 4575
366 542 387 599 6
551 536 749 601 nunnus
777 536 933 599 Arrun
963 535 1020 596 rr
1051 533 1166 596 mnu
1251 531 1354 615 [nm
1396 507 1399 514 '

367 694 562 771 editioribus
597 695 666 757 solo
693 692 910 775 pinguissime,
936 692 979 754 ita
1007 701 1042 753 ut
1067 710 1151 767 aves,
1176 710 1257 771 quae
1284 676 1355 751 con·

367 787 469 851 sertim
490 788 552 849 hu'c
574 790 676 851 solent
698 798 807 869 pastus
827 786 930 867 gratia
950 785 1129 863 convolare,
1148 785 1175 846 si
1195 804 1253 864 per
1273 803 1356 845 men·

366 906 420 949 ses
440 897 504 949 tres
527 886 596 949 istic
615 888 855 967 permanserint,
877 906 953 965 prae
974 904 1062 947 mera
1081 883 1165 945 mole
1182 882 1356 968 saginaque

366 995 490 1047 montes
512 994 671 1064 nequeant
691 984 925 1059 transcendere,
945 982 1021 1063 quin
1041 1002 1144 1062 neque
1166 980 1356 1061 prosequen-

340 1082 443 1149 5tium
472 1102 584 1144 manus
614 1083 757 1157 evadere,
789 1096 893 1162 neque
923 1079 1045 1143 tantillo
1073 1091 1215 1160 tempore
1242 1079 1356 1141 cedant

366 1180 559 1261 pinguedine
575 1179 738 1243 Ortolanis
755 1180 916 1243 Italorum.

407 1278 503 1354 Quod
525 1279 617 1340 etiam
641 1278 673 1339 in
697 1278 807 1341 Scotia
832 1277 948 1340 factum
970 1276 1125 1353 novimus,
1150 1298 1168 1339 e
1191 1276 1356 1338 frondibus

365 1375 508 1438 deciduis
528 1376 677 1455 generari
702 1396 846 1453 ansereS,
868 1376 1015 1455 quodque
1037 1374 1272 1437 honoratissimi
1296 1373 1357 1455 pri·

365 1474 437 1535 dem
461 1474 556 1555 legati
579 1473 729 1535 nostratis
757 1473 939 1537 testimonio
962 1473 1219 1553 probatissimum
1242 1483 1298 1548 est,
1324 1472 1356 1534 in

323 1593 354 1628 10
368 1570 576 1633 Euroboreali
604 1572 713 1633 mundi
737 1572 831 1651 plaga
859 1592 877 1633 e
903 1582 988 1633 terra
1015 1591 1157 1633 crescere
1185 1570 1354 1651 agnellum,

365 1668 508 1749 caulique
522 1669 674 1745 innixum,
690 1690 820 1750 gramen
835 1669 985 1732 adiacens
999 1669 1138 1749 depasci,
1153 1669 1225 1749 quis
1239 1668 1271 1730 id
1287 1667 1356 1731 istic

364 1765 432 1827 fieri
447 1787 511 1829 non
526 1766 586 1829 sibi
600 1767 691 1829 facile
705 1768 892 1847 persuaderi
906 1768 1096 1848 pateretur?
1174 1756 1177 1763 ¹

299 1936 302 1942 ¹
405 1862 471 1926 Sed
495 1875 526 1926 et
550 1864 662 1945 pisces,
688 1865 798 1946 quiin
828 1866 889 1928 isto
917 1866 1009 1928 litore
1034 1864 1288 1945 frequentissimi,
1313 1864 1356 1926 ita

363 1965 582 2025 voraces'sunt
596 1982 654 2043 pro
674 1983 762 2026 more
782 1964 892 2045 populi
913 1964 1037 2043 locique
1058 1964 1187 2043 ingenio
1206 1974 1248 2039 ut,
1261 1963 1355 2023 hamo

321 2084 350 2135 15
363 2061 497 2123 subinde
532 2062 655 2139 iniecto,
693 2063 855 2126 confluant
896 2062 1040 2141 ubertim,
1073 2062 1157 2125 haud
1192 2082 1286 2125 secus
1320 2081 1356 2124 ac

363 2158 503 2221 misellae
519 2160 641 2221 animae
657 2161 696 2222 ad
714 2161 885 2223 Charontis
900 2162 1053 2241 cymbam,
1069 2162 1153 2241 apud
1172 2160 1353 2235 Lucianum,

364 2255 512 2338 ferroque
527 2257 577 2320 vel
593 2277 658 2319 non
674 2258 755 2339 capti
771 2259 959 2322 inhaereant
974 2258 1161 2338 extrahique
1175 2260 1321 2338 gestiant.

402 2355 495 2418 Adde
510 2357 594 2436 quod
610 2367 730 2436 portuS,
747 2358 808 2438 qui,
826 2358 853 2419 si
874 2357 924 2418 cui
945 2357 1006 2433 alii,
1023 2357 1097 2418 huic
1114 2357 1201 2437 genti
1221 2377 1356 2418 commo·

363 2452 485 2514 dissimi
514 2463 596 2530 sunt,
628 2455 707 2514 nulli
741 2455 811 2517 usui
845 2455 1028 2532 inserviant,
1059 2455 1122 2517 nisi
1150 2442 1355 2536 apportandis

319 2578 351 2614 20
364 2551 615 2632 recipiendisque
630 2551 752 2628 eduliis,
769 2573 851 2632 quae
866 2553 911 2613 illi
923 2554 1093 2633 superfluis
1104 2555 1209 2616 solent
1220 2553 1355 2634 pellibus
1418 2575 1420 2581 ¹

362 2659 573 2710 commutare:
602 2669 706 2728 neque
728 2649 842 2712 incolis
863 2650 936 2711 licet
965 2650 1087 2712 interea
1113 2651 1279 2731 quicquam
1304 2671 1354 2713 ex·

362 2757 497 2827 portare,
534 2749 619 2828 quod
654 2749 794 2828 palatum
826 2740 1007 2829 ¹quamlibet
1045 2749 1173 2830 oblique
1211 2760 1356 2830 spectare

361 2846 513 2910 videatur.
800 2868 812 2888 .
1270 2873 1274 2878 ·

403 2945 544 3007 Arbores
564 2945 607 3006 ibi
628 2946 731 3008 nullas
748 2945 814 3008 vidi
831 2947 892 3008 nisi
913 2947 1087 3027 frugiferas.
1132 2946 1249 3024 Ornos,
1266 2967 1355 3028 quer·

318 3065 349 3116 25
364 3063 428 3120 ωε,
455 3043 575 3120 salices,
603 3055 634 3106 et
662 3045 843 3107 huiusmodi
871 3046 995 3125 plantas
1023 3046 1149 3108 steriles
1177 3056 1209 3108 et
1236 3047 1356 3108 otiosas

270 3201 273 3207 ,
363 3138 506 3214 oderunt,
534 3137 649 3218 quippe
679 3159 761 3218 quae
786 3139 831 3200 nil
856 3150 983 3219 praeter
1011 3141 1154 3201 umbram
1183 3141 1301 3201 nudam
1324 3149 1357 3201 et

361 3235 502 3296 inutilem
536 3236 718 3315 largiantur.
772 3237 876 3318 Sepes
909 3239 952 3298 ibi
987 3259 1106 3314 omnes
1142 3239 1226 3319 quod
1258 3248 1290 3300 et
1322 3239 1356 3300 in

362 3331 505 3395 Yvronia
519 3335 638 3412 passim
653 3335 762 3399 videre
778 3348 834 3409 est,
851 3336 968 3398 vitibus
983 3337 1132 3399 consitae.

442 3556 524 3618 Cim.
549 3555 611 3619 111.
657 3557 769 3620 Parma
794 3558 1066 3629 Pnunuaooman
1090 3559 1278 3622 Pnovmcin
1371 3599 1382 3617 .

325 3725 327 3730 '
404 3720 619 3784 Fnrvmnnnr
639 3723 810 3802 provincia,
831 3733 866 3784 ut
887 3745 906 3786 a
926 3724 1081 3804 proximis
1101 3725 1273 3803 ordiamur,
1294 3723 1357 3786 nisi

319 3848 350 3897 30
362 3819 511 3900 peculiari
547 3821 684 3900 quodam
721 3822 780 3883 loci
818 3823 946 3903 ingenio
983 3823 1014 3884 id
1050 3823 1092 3900 fit,
1127 3824 1260 3886 calidior
1296 3829 1354 3899 e'st,
