3142 4575
340 547 379 621 76
523 542 724 607 MUNDUS
752 544 909 607 ALTER
939 545 997 607 ET
1027 546 1142 607 IDEM
1199 547 1279 629 [uu.
1294 568 1332 611 111

337 701 420 763 illico
443 702 484 763 sit
511 722 674 765 evasurus.
717 701 857 765 Tantum
882 702 937 763 ubi
956 703 1064 765 omnia
1082 725 1122 767 ex
1145 703 1241 766 animi
1265 726 1334 769 sen·

337 799 436 861 tentia
452 801 677 878 successerint,
694 801 803 863 credat
822 800 936 863 eodem
957 800 989 862 in
1012 812 1096 865 statu
1117 802 1150 864 in
1169 813 1333 867 aeternum

337 918 552 979 permansura,
581 909 736 981 gratoque
771 897 878 961 animo
916 898 1055 963 numinis
1092 900 1333 965 beneficentiam

338 999 530 1062 recordetur.
632 1036 639 1063 r

310 1118 324 1169 5
376 1097 552 1179 Acceptum
565 1097 628 1161 iam
650 1098 779 1161 calicem
799 1098 949 1161 absorbet
963 1099 1084 1179 hospes
1096 1100 1333 1178 lubentissime;

309 1192 312 1197 ’
337 1196 624 1278 suavissimumque
639 1197 721 1260 sacri
741 1195 875 1277 liquoris
891 1208 1019 1278 gustum
1033 1198 1127 1260 tacite
1140 1199 1202 1262 sibi
1216 1199 1332 1276 laudat,

337 1294 484 1357 nesciens
505 1294 628 1357 interea
649 1294 798 1376 poculum
819 1314 931 1357 revera
951 1296 1162 1376 soporiterum
1181 1296 1242 1359 sibi
1264 1316 1334 1376 pro·

336 1392 448 1471 pinari,
471 1394 586 1471 mulso,
608 1413 776 1474 papavere,
799 1393 882 1473 opio,
906 1394 1045 1471 lactucis,
1061 1405 1156 1475 atque
1177 1394 1210 1457 id
1230 1414 1333 1475 genus
1419 1428 1425 1437 ·

336 1490 444 1553 herbis
466 1491 677 1555 medicatum:
705 1491 796 1553 cuius
817 1490 932 1553 haustu
954 1492 1140 1572 consopitus
1162 1492 1246 1554 illico
1267 1510 1333 1555 non
1419 1534 1423 1538 ‹

296 1621 325 1658 10
337 1602 430 1651 secus
454 1609 490 1651 ac
515 1590 650 1653 cadaver
671 1589 804 1670 aliquod
828 1609 849 1651 a
869 1589 1098 1671 vespillonibus
1122 1591 1182 1653 hac
1206 1591 1278 1652 illac
1300 1591 1333 1652 in

336 1688 486 1767 palatium
522 1700 710 1771 asportatur.
770 1686 918 1768 Denique
951 1687 1139 1750 intuentium
1170 1687 1334 1751 cachinnis

336 1796 488 1867 exceptus
509 1788 573 1865 diu,
590 1787 711 1850 sistitur
732 1787 860 1848 tandem
884 1785 916 1847 in
939 1786 1084 1848 cubiculo
1106 1787 1252 1867 lectoque
1273 1786 1333 1849 ele
1436 1787 1441 1797 “

336 1884 532 1965 gantissimo,
555 1896 677 1961 ornato,
699 1904 789 1947 more
810 1884 908 1965 regio,
925 1884 1076 1947 eburneis
1097 1885 1226 1965 quidem
1246 1884 1332 1946 tabu·

338 1984 420 2061 latis,
437 2004 534 2047 aurea
552 1982 801 2063 contignatione,
820 1982 970 2063 stragulis
989 1983 1237 2063 pretiosissimis.
1293 1982 1331 2045 ln

297 2108 305 2144 ι
311 2110 324 2159 5
338 2078 446 2143 limine
467 2081 603 2144 ministri
624 2081 828 2156 collocantur,
845 2081 959 2160 edepol
979 2081 1151 2158 cultissimi,
1167 2081 1332 2161 torquibus

337 2178 503 2260 anulisque
539 2200 627 2243 more
662 2180 765 2242 aulico
798 2178 948 2260 insigniti,
982 2180 1195 2260 exspectaturi
1229 2180 1332 2242 donec

339 2274 519 2358 Endymion
535 2278 595 2342 iste
609 2300 720 2356 novuS,
737 2278 823 2360 quod
838 2289 909 2358 post
929 2277 1068 2340 triduum
1085 2279 1272 2360 plerumque
1287 2278 1330 2355 fit,

337 2376 541 2457 evigilaverit.
598 2377 662 2453 Qui
691 2378 818 2438 demum
848 2377 1089 2457 expergefactus
1120 2377 1333 2458 circumspicit

337 2475 495 2552 attonitus,
520 2475 580 2554 loci
606 2486 637 2537 et
658 2475 792 2537 formam
818 2484 850 2536 et
873 2474 1008 2554 pretium
1031 2475 1219 2556 habitusque
1244 2475 1331 2537 mini·

293 2583 475 2640 nostrorum
504 2593 665 2654 nunquam
694 2573 772 2634 satis
801 2571 953 2658 miratus;
988 2573 1065 2634 dum
1093 2574 1178 2636 servi
1208 2593 1329 2653 omnes,

336 2671 450 2734 ordine
463 2691 531 2748 suo,
542 2671 636 2734 flexis
649 2669 794 2751 genibus
811 2678 1033 2752 experrectum
1047 2670 1185 2733 salutant
1196 2670 1329 2752 Regem,

336 2769 537 2851 faustumque
551 2769 635 2832 diem
650 2777 840 2848 precantur:
860 2768 1012 2848 quodque
1023 2768 1112 2829 malit
1126 2769 1223 2830 hodie
1235 2769 1331 2831 vestis

335 2889 438 2949 genus
458 2869 598 2931 officiose
617 2875 855 2948 percontantur.
899 2864 1109 2947 Tandemque
1130 2866 1267 2930 afferunt
1287 2868 1330 2929 in·

336 2967 417 3028 finiti
431 2987 533 3048 paene
548 2966 642 3047 pretii
656 2965 858 3043 vestimenta,

290 3196 302 3231 2
307 3196 322 3246 5
434 3168 512 3224 Dant
530 3164 629 3239 digitis
647 3181 792 3238 gemmas,
811 3165 882 3219 dant
900 3163 987 3237 longa
1005 3164 1126 3221 monilia
1144 3166 1234 3238 eollo;

334 3368 365 3420 et
378 3357 516 3420 obsitum
531 3355 710 3436 margaritis
732 3355 879 3418 diadema
899 3355 994 3435 capiti
1014 3355 1189 3435 imponunt.
1235 3357 1329 3418 Indu·

333 3456 414 3518 siato
432 3456 570 3536 denique
590 3475 627 3517 ac
641 3454 810 3535 patagiato,
828 3454 883 3515 ubi
901 3454 1081 3534 prandendi
1101 3464 1226 3536 tempus
1245 3456 1330 3517 insti·

333 3555 407 3616 terit
421 3574 565 3617 mensam
575 3553 721 3633 dapalem
737 3572 772 3614 ac
788 3551 968 3613 munificam
990 3551 1158 3615 instruunt.
1202 3551 1331 3634 Specta·

334 3653 423 3730 culiS,
444 3653 547 3728 ludis,
560 3649 745 3730 musicoque
770 3659 935 3724 concentu,
956 3648 1113 3728 reliquum
1133 3651 1196 3712 diei
1215 3672 1328 3713 consu-

288 3782 320 3830 30
335 3763 432 3813 munt.
477 3750 564 3827 Quin
585 3759 617 3811 et
638 3759 770 3810 cenatur
792 3748 895 3808 adhuc
917 3757 1070 3827 apparatu
1092 3749 1200 3828 magis,
1218 3750 1245 3810 si
1259 3748 1328 3812 fieri

333 3861 444 3932 potest,
462 3849 558 3930 regio.
604 3847 769 3910 Clauditur
784 3856 888 3908 autem
907 3846 1006 3907 inscio
1026 3866 1105 3907 cena
1121 3848 1238 3910 eodem
1258 3848 1328 3927 ipso
