3142 4575
361 557 401 616 82
546 556 746 621 MUNDUS
775 558 931 622 ALTER
952 546 1020 622 'ET
1044 557 1165 622 tntu
1225 562 1300 643 [trs.
1317 580 1352 623 ιν

361 713 466 791 potius
498 734 612 776 nomen
649 727 808 778 mereatur
839 727 878 791 et,
911 719 995 797 quod
1029 720 1070 781 de
1102 721 1180 781 urbe
1214 722 1351 801 quadam

361 812 485 887 Strabo,
512 814 552 875 ad
582 814 800 877 rebellandum
826 836 921 895 quam
947 817 986 877 ad
1015 817 1222 881 habitandum
1250 820 1353 900 aptior

360 909 512 973 uideatur.

403 1010 440 1071 ln
463 1011 594 1073 istorum
616 1032 763 1075 sermone
786 1014 941 1093 quaedam
964 1013 1101 1076 Wallica
1118 1016 1278 1078 vocabula
1298 1038 1351 1079 no·

332 1108 430 1183 stavi,
449 1110 534 1188 quod
554 1131 614 1190 ego
634 1132 674 1173 ex
697 1110 814 1190 ignotis
835 1112 1020 1174 nostratium
1042 1112 1353 1193 peregrinationibus

360 1208 474 1268 factum
489 1206 661 1269 iudicarim.

401 1304 640 1367 Larcinensium
662 1308 800 1388 populus
822 1308 950 1388 quidem
975 1310 1052 1372 satis
1077 1330 1268 1374 numerosus
1293 1323 1350 1389 est,

359 1404 537 1482 respublica
561 1404 658 1466 nulla.
704 1403 772 1467 Sibi
802 1405 937 1487 quisque
962 1428 998 1469 se
1023 1419 1132 1470 natum
1157 1420 1263 1490 putat3
1292 1410 1353 1472 sibi

359 1502 418 1563 soli
440 1503 515 1565 vivit
526 1525 534 1580 ;
564 1504 624 1567 sibi
645 1506 861 1585 obtemperat;
890 1516 1075 1587 tantumque
1092 1509 1236 1588 possidet
1258 1529 1352 1589 quan·

318 1618 348 1653 10
360 1610 425 1661 tum
446 1601 584 1683 diripere
606 1603 723 1683 quovis*
742 1604 838 1665 modo
853 1604 955 1683 possit
971 1616 1160 1687 raptumque
1174 1608 1351 1683 custodire;

359 1720 484 1779 quoque
512 1701 673 1781 potentior
701 1701 772 1782 quis
803 1703 904 1765 sactus
934 1714 982 1765 est
1010 1724 1049 1766 eo
1077 1706 1180 1785 magis
1208 1706 1353 1779 timetur;

358 1818 461 1877 eoque
481 1798 709 1880 pluribus'non
724 1810 787 1862 tam
809 1801 945 1864 subditis
960 1822 1055 1881 quam
1071 1804 1237 1884 mancipiis
1256 1803 1354 1868 domi·

359 1906 461 1959 natur.
852 1924 854 1927 ⁴

403 1995 440 2055 ln
465 2006 567 2059 certas
592 1996 726 2059 familias
749 1998 989 2079 distinguuntur
1014 1999 1154 2077 incolae;
1186 2020 1267 2079 quae
1292 1999 1352 2061 sin-

318 2111 346 2159 15
360 2094 452 2172 gulae
481 2094 588 2175 stirpis
619 2116 696 2157 suae
726 2096 952 2176 ‚potentissimo
988 2098 1153 2173 volentes¹
1169 2098 1352 2161 oboediunt.

361 2193 599 2255 Contribulibus
621 2194 688 2256 suis
710 2196 810 2275 parcit
830 2196 965 2277 quisque
986 2207 1017 2259 et
1035 2197 1195 2273 adhaeret,
1213 2190 1354 2278 reliquos

358 2313 469 2356 omnes
491 2293 650 2356 liberrime
678 2296 803 2374 spoliat.
846 2296 971 2358 Abhinc
1001 2295 1054 2357 diu
1083 2296 1239 2358 exhausta
1268 2307 1354 2359 esset

358 2392 471 2454 horum
496 2393 729 2456 incursionibus
758 2405 892 2474 utraque
923 2394 1080 2471 Moronia,
1111 2394 1143 2454 ni
1172 2394 1354 2474 sagaciores

358 2491 508 2571 praefecti
530 2511 601 2553 cum
623 2491 768 2554 libertate
790 2492 925 2554 salutem
946 2493 986 2554 ab
1001 2492 1149 2553 omnibus
1164 2491 1353 2554 familiarum

316 2607 348 2643 πο
359 2589 492 2651 ducibus
507 2610 621 2669 magna
635 2589 704 2650 auri
718 2589 749 2651 vi
765 2589 937 2670 quotannis
952 2590 1173 2653 redemissent.

402 2681 518 2749 Forma
540 2687 683 2769 corporis
706 2687 783 2749 nihil
807 2688 874 2750 fere
895 2708 915 2750 a
936 2689 1057 2751 nostris
1078 2689 1267 2769 discrepant,
1293 2686 1354 2751 nisi

359 2787 444 2866 quod
474 2807 595 2863 omnes,
626 2786 767 2867 exceptis
801 2786 1002 2864 insularibus,
1033 2787 1167 2850 aduncis
1194 2787 1354 2868 unguibus

360 2884 423 2947 sint
447 2895 477 2946 et
502 2885 593 2966 quasi
619 2883 818 2967 accipitrinis,
843 2885 875 2947 id
901 2887 987 2966 quod
1015 2885 1183 2949 Laverniis
1207 2885 1354 2948 omnibus

360 3003 527 3046 commune
542 2997 599 3048 est.
931 3056 934 3062 ,

316 3095 348 3148 ²5
403 3080 589 3145 Montanam
624 3093 747 3163 partem
783 3094 918 3164 occupat
953 3083 1043 3146 Gens
1078 3081 1272 3159 Sbanditica,
1304 3079 1354 3142 cui

360 3181 502 3242 umbram
524 3181 652 3262 quidem
673 3183 872 3244 commodam
892 3203 929 3244 ac
950 3183 1120 3244 salutarem
1142 3180 1274 3260 largitur
1294 3178 1355 3240 Bu·

360 3279 435 3341 tinia
470 3279 577 3358 Silva;
612 3301 689 3361 prae
725 3301 788 3362 qua
822 3281 876 3343 illa
907 3281 1142 3342 Germanorum
1178 3277 1352 3358 Hercynia,

358 3377 467 3440 decem
485 3374 644 3442 latronum
663 3379 802 3440 millibus
824 3379 949 3459 stipata,
966 3376 1174 3458 pomariolum
1189 3375 1355 3456 angustius

358 3487 412 3538 aut
427 3496 515 3539 mera
529 3477 619 3558 quasi
634 3497 748 3558 saepes
763 3477 898 3538 videtur.

317 3591 347 3641 30
401 3575 513 3639 Castra
551 3576 602 3638 hic
644 3576 762 3656 passim
805 3595 925 3646 cernes,
968 3594 1033 3635 non
1075 3572 1182 3634 hercle
1224 3571 1352 3634 nimium

360 3675 536 3754 splendida,
553 3675 611 3736 sed
632 3685 663 3736 et
685 3674 784 3736 multa
806 3683 838 3736 et
859 3671 1079 3745 munitissima,
1096 3670 1129 3731 in
1151 3670 1266 3750 quibus
1287 3679 1354 3731 tuto

360 3775 472 3836 sedent
487 3772 622 3836 familiae
638 3772 791 3852 cuiusque
806 3771 904 3848 duciS,
918 3769 1131 3850 praedamque
1145 3789 1165 3829 a
1179 3767 1354 3829 vicinorum

361 3870 501 3951 periculo
541 3879 658 3932 sartam
694 3878 807 3930 tectam
845 3875 1043 3940 conservant,
1081 3865 1156 3927 dum
1191 3866 1381 3944 plebecula·
1427 3926 1429 3929 .
