3142 4575
128 601 133 611 ‚
222 514 296 594 cipi
312 530 360 611 v1]
614 529 834 594 nouorum

548 760 643 825 Sacr.
666 782 695 823 a.
742 760 898 825 anrrm

265 897 356 959 Pras
379 894 509 975 reliqua,
528 876 670 969 navaria,
687 892 884 971 ingeniosior
903 903 959 968 est,
976 892 1164 975 digniorque
1185 904 1216 955 et

223 996 352 1057 viatoris
365 992 548 1074 pedibuset
562 990 662 1055 oculis
677 990 833 1051 fastidiosi
850 990 987 1053 lectoris,

265 1092 405 1173 Populus
423 1090 507 1152 enim
527 1088 753 1170 sagacissimus
770 1088 832 1149 sibi
847 1090 934 1151 visus
950 1078 1056 1151 'rerum
1075 1092 1218 1153 omnium

223 1210 335 1253 causas
355 1188 502 1251 subtilius
524 1187 700 1267 indagatur,
720 1205 778 1250 nec
801 1186 863 1247 nisi
884 1187 980 1249 altius
1000 1188 1105 1269 petitis
1127 1189 1217 1250 ratio·

224 1309 299 1350 num
313 1288 481 1359 momentis
497 1286 677 1365 acquiescit.
908 1352 912 1361 ,
1234 1308 1249 1360 5

263 1387 314 1449 Ab
328 1384 529 1448 incunabulis
548 1383 706 1445 monoculi
727 1394 801 1445 sunt
821 1404 952 1446 omnes:
974 1384 1093 1466 quippe
1111 1385 1218 1449 statim

223 1507 242 1549 a
269 1493 360 1566 partu
390 1484 499 1546 oculus
527 1483 607 1544 alter
633 1482 720 1544 velut
746 1483 930 1562 superfluus
958 1484 1099 1563 eruitur;
1129 1486 1217 1565 quod

223 1584 329 1648 clausa
348 1603 476 1663 semper
495 1581 594 1643 altera
613 1580 837 1661 palpebrarum
858 1592 889 1643 et
911 1580 1091 1645 distinctius
1111 1603 1217 1645 cerna·

223 1701 294 1744 mus
309 1692 340 1745 et
355 1680 517 1743 intentius.

267 1782 345 1843 Pars
370 1781 457 1842 nuda
481 1778 598 1841 incedit
623 1788 657 1840 ut
683 1774 836 1841 induendi
862 1788 894 1839 et
918 1778 1057 1840 exuendi
1085 1790 1217 1859 parcant
1233 1805 1263 1841 ro

224 1880 323 1942 labori
352 1878 446 1942 simul
474 1888 506 1940 et
533 1876 676 1959 tempori.
731 1877 811 1938 Pars
838 1886 920 1938 tecta
948 1876 1010 1938 sibi
1034 1889 1133 1957 parat,
1160 1880 1217 1939 sed

224 1979 343 2059 absque
364 1987 456 2059 septo
477 1976 528 2039 vel
549 1976 678 2057 pariete,
701 1985 735 2037 ut
755 1975 854 2037 aedes
875 1995 913 2037 eo
935 1975 1037 2055 magis
1059 1969 1122 2037 sint
1150 1997 1218 2057 per·

224 2075 391 2157 spirabiles
426 2096 462 2137 ac
494 2075 629 2155 proinde
663 2073 867 2144 salubriores,
922 2072 1001 2134 Pars
1032 2074 1125 2135 nidos
1158 2075 1218 2135 sibi

224 2186 350 2237 struunt
387 2172 581 2235 avicularum
617 2192 705 2233 more
744 2170 927 2247 altissimos,
963 2181 996 2231 ut
1032 2172 1120 2233 caelo
1155 2174 1218 2235 sint

223 2272 417 2335 viciniores'
1233 2297 1262 2347 15

266 2371 388 2433 Omnes
409 2379 440 2432 et
461 2369 646 2450 opinionum
664 2380 695 2431 et
716 2387 848 2449 operum
869 2368 1116 2448 singularitatem
1139 2370 1217 2432 mire

223 2479 391 2532 sectantur.

263 2566 393 2646 3Horum
409 2564 546 2646 quidam,
563 2585 672 2627 auram
687 2574 851 2645 captantes
868 2566 1063 2645 popularem,
1080 2567 1133 2628 vix
1148 2586 1218 2646 pro·

224 2664 305 2726 secto
320 2664 479 2727 credenda
494 2663 674 2725 moliuntur.
717 2662 799 2724 Nam
811 2663 966 2743 quosdam
977 2663 1100 2726 videbis
1115 2667 1216 2744 capite

224 2763 408 2825 incedentes
424 2782 460 2823 ac
476 2761 613 2823 brachiis
625 2783 633 2837 ;
655 2761 735 2822 alios
747 2761 807 2823 alis
822 2761 1002 2841 plumisque
1013 2782 1086 2823 cera
1099 2762 1216 2824 iunctis
1230 2789 1262 2826 πο

179 2870 182 2878 “
224 2862 394 2922 instructos
419 2859 530 2921 audaci
555 2860 662 2920 volatu
689 2859 781 2920 alites
809 2859 973 2921 Daedaleo
998 2880 1087 2922 more
1116 2861 1216 2924 imita·

223 2970 331 3036 turos;
360 2957 441 3020 alios
468 2956 613 3037 prodigia
638 2967 769 3019 naturae
795 2959 935 3040 artisque
959 2958 1060 3020 hianti
1087 2959 1216 3039 popello

223 3055 394 3140 gloriosius
427 3064 645 3132 ostentantes;
678 3055 759 3117 alios
784 3057 923 3137 denique
949 3066 1015 3119 arte
1051 3057 1105 3136 pol
1135 3059 1215 3119 bene

224 3157 403 3235 lucrosa,e
443 3153 597 3217 vilissimo
635 3154 833 3215 metallorum
875 3175 988 3216 aurum
1025 3157 1215 3234 educentes3

224 3253 345 3316 rideres
360 3253 501 3334 profecto
516 3254 630 3314 horum
646 3271 814 3332 operosam
829 3252 1106 3332 stultitiam„spem
1122 3254 1215 3316 toties
1230 3284 1260 3332 ²5

223 3352 353 3428 elusam,
369 3351 462 3414 toties
477 3351 733 3430 redintegratam.

265 3449 314 3511 Ex
334 3451 403 3512 istis
419 3451 574 3530 quosdam
593 3448 687 3510 audio
708 3448 826 3510 adiisse
846 3450 970 3528 pridem
988 3451 1158 3527 oraculum,
1177 3453 1216 3512 de

223 3559 286 3612 tam
298 3549 393 3610 dubio
404 3548 578 3610 difficillimi
590 3547 708 3626 negotii
721 3556 834 3608 eventu
846 3547 1062 3608 sciscitaturos
1072 3570 1081 3624 ;
1102 3549 1216 3628 quibus

223 3645 307 3707 illico
320 3645 461 3726 Pythius,
474 3649 482 3678 ‘
493 3643 705 3723 Travaillezss,
727 3643 902 3706 Discedunt
917 3644 1012 3705 alacri
1027 3645 1133 3708 animo
1144 3667 1216 3708 con·

223 3744 360 3806 sultores
385 3745 508 3824 sibique
537 3745 599 3806 iam
625 3743 776 3804 annuisse
802 3743 896 3804 deum
921 3743 1116 3822 gloriantur;
1147 3764 1216 3823 per·
1228 3767 1259 3814 30

110 3921 113 3928 1
167 3890 169 3894 .
216 3839 365 3921 'duntque
393 3843 505 3905 iterum
535 3863 571 3903 ac
601 3842 706 3903 denuo
736 3841 901 3921 repetitam
930 3861 1059 3920 operam
1084 3852 1115 3902 et
1143 3862 1214 3903 cum

714 3957 732 3999 F
