3142 4575
365 584 407 659 46
551 582 751 646 MUNDUS
779 582 935 646 ALTER
967 584 1024 646 ET
1054 584 1170 645 IDEM
1239 582 1316 666 [irs.
1334 603 1359 644 11

281 733 286 743 '
366 736 502 800 Turcica
519 739 675 820 mancipia
689 740 818 817 versari,
836 739 868 801 ni
889 761 940 802 me
960 740 1085 802 habitus
1103 740 1275 803 discrimen
1294 751 1356 802 tur·

365 836 464 916 pioris
485 837 605 900 servitii
625 838 810 901 monuisset.
852 838 932 913 Vah,
950 839 1046 919 quale
1059 838 1274 919 spectaculum
1288 850 1358 900 erat

366 930 398 994 in
426 934 510 995 virili
539 956 634 997 manu
663 936 752 999 colus
786 956 823 997 ac
857 948 988 1013 stamen,
1020 936 1053 997 in
1084 936 1231 998 muliebri
1260 936 1358 1017 pugio

365 1033 554 1096 baculusvel
607 1033 811 1097 Dissimulavi
842 1045 956 1111 tamen,
989 1046 1022 1097 ut
1056 1034 1154 1115 potui,
1190 1036 1355 1116 pudorem,

338 1154 352 1204 5
367 1131 507 1193 animum
519 1132 661 1194 studiose
670 1133 835 1213 applicans
850 1143 884 1195 ut
895 1132 1002 1195 omnia
1011 1153 1208 1214 cognoscere
1216 1153 1355 1215 possem,

366 1229 445 1291 nihil
459 1230 532 1310 pati.

407 1327 443 1389 Si
468 1350 532 1409 qua
556 1329 758 1391 clementiore
780 1329 909 1409 ingenio
931 1330 1114 1393 muliercula
1134 1330 1240 1393 mitius
1259 1327 1359 1409 egerit

365 1445 436 1487 cum
450 1425 528 1501 viro,
545 1445 581 1488 ac
604 1427 775 1502 remissius,
793 1427 904 1499 statim,
923 1427 969 1488 uti
989 1428 1039 1489 hic
1059 1429 1245 1490 delatricum
1264 1428 1360 1507 plena

365 1534 440 1584 sunt
460 1524 576 1600 omnia,
600 1524 741 1588 defertur
762 1526 803 1587 ad
825 1535 978 1601 senatum,
997 1526 1164 1606 laesaeque
1186 1524 1360 1587 maiestatis

324 1640 353 1675 10
366 1619 535 1684 incusatur.
567 1621 697 1685 Crimen
712 1622 756 1684 illi
772 1622 928 1685 intentant
937 1622 1066 1700 vicinae,
1080 1645 1144 1686 non
1159 1624 1230 1686 sine
1244 1642 1360 1702 magna

365 1731 397 1781 et
411 1720 507 1782 animi
522 1713 734 1785 commotione
749 1733 780 1784 et
795 1722 998 1783 contentione
1013 1723 1109 1784 vocis.
1152 1723 1248 1798 Quod
1264 1721 1291 1783 si
1307 1741 1361 1783 res

365 1820 416 1881 vel
439 1819 608 1882 levissimis
633 1820 760 1882 indiciis
782 1820 962 1896 innotuerit,
984 1821 1045 1882 hoc
1070 1821 1165 1882 modo
1188 1841 1243 1883 rea
1265 1819 1359 1900 plecti

366 1917 467 1978 solet:
488 1927 609 1979 vestem
631 1917 754 1998 cogitur
774 1927 898 1979 mutare
917 1937 988 1978 curn
1009 1917 1089 1993 viro,
1103 1918 1214 1997 sicque
1235 1918 1357 1992 amicta,

367 2034 441 2077 raso
468 2016 577 2097 capite,
608 2016 737 2097 prodire
766 2015 799 2077 in
827 2016 951 2078 lorum:
986 2014 1029 2077 ibi
1057 2025 1125 2097 toto
1154 2015 1207 2077 die
1235 2026 1298 2078 stat
1326 2016 1359 2076 in

324 2124 353 2176 ¹5
366 2113 497 2176 editiore
510 2114 588 2189 loco,
600 2115 741 2177 omnium
753 2115 977 2194 spectatricum
988 2113 1139 2175 conviciis
1149 2134 1185 2175 ac
1196 2114 1360 2175 cachinnis

366 2212 520 2293 exposita.
567 2212 681 2294 Neque
695 2212 745 2275 vir
759 2212 829 2294 ipse
848 2212 931 2273 hanc
944 2210 1113 2282 audaciam,
1124 2213 1205 2275 leret
1219 2213 1356 2294 impune,

365 2311 419 2391 qui
439 2312 594 2373 tantillum
616 2312 676 2374 sibi
698 2333 717 2374 a
738 2311 871 2372 muliere
892 2310 1032 2372 oblatum
1054 2309 1194 2374 savorem
1214 2332 1279 2374 non
1298 2331 1360 2373 mo

366 2409 455 2470 deste
477 2409 649 2471 recusarit:
669 2408 724 2471 ubi
745 2408 800 2470 illa
821 2408 950 2470 tandem
971 2409 1101 2470 domurn
1122 2407 1259 2483 redierit,
1281 2407 1357 2484 luto,

367 2507 564 2568 contumeliis
593 2506 846 2581 maculatissima,
872 2517 994 2570 vestem
1022 2527 1087 2569 non
1114 2517 1189 2569 ante
1217 2507 1359 2587 deponit,

322 2625 355 2661 20
367 2622 460 2685 quarn
475 2615 641 2667 cruentum
661 2604 868 2667 ostentaverit
882 2605 1039 2682 baculum,
1050 2625 1114 2685 quo
1128 2604 1187 2667 viri
1202 2605 1252 2667 sui
1266 2615 1360 2686 caput

365 2702 470 2765 valide
484 2701 714 2764 comminuerit.

410 2800 512 2861 Uxori
533 2817 612 2862 suae
630 2799 775 2880 quisquis
792 2800 1012 2880 supervixerit,
1028 2811 1082 2863 aut
1102 2800 1248 2863 ancillam
1266 2801 1361 2864 ducat

366 2908 500 2978 oportet,
517 2899 592 2959 data
610 2897 700 2978 prius
721 2897 941 2960 observantiae
960 2897 1078 2978 prioris
1096 2898 1168 2975 fide,
1184 2909 1238 2960 aut
1254 2900 1361 2980 proxi-

367 3014 438 3057 mae
458 2994 689 3057 matrifamilias
708 2995 741 3056 in
755 2995 946 3076 mancipium
961 2996 1060 3072 cedat,
1077 2996 1227 3076 quoniam
1242 2997 1361 3060 nemini

323 3127 353 3176 ²5
368 3093 507 3154 virorum
522 3093 619 3154 rebus
628 3092 810 3155 domesticis
819 3093 887 3155 suis
897 3113 1046 3175 praeesse
1059 3093 1141 3156 licet.
1173 3093 1257 3155 Dum
1271 3114 1362 3174 pere·

367 3211 424 3272 gre
446 3190 658 3271 proficiscitur
678 3190 803 3268 femina,
822 3191 873 3253 vel
895 3190 1024 3253 militiae
1039 3211 1143 3267 causa,
1158 3192 1209 3253 vel
1224 3192 1362 3272 negotia-

367 3289 474 3366 tionis,
497 3289 549 3350 vel
575 3288 713 3368 denique
735 3289 915 3368 voluptatis,
939 3288 1074 3350 ancillae
1094 3298 1150 3350 aut
1170 3288 1253 3350 filiae
1274 3309 1362 3351 man·

367 3388 485 3450 dantur
512 3387 620 3448 claves
643 3396 675 3447 et
702 3405 773 3446 cum
803 3385 944 3448 clavibus
968 3386 1135 3467 imperium
1147 3406 1157 3465 ;
1181 3386 1233 3448 cui
1257 3386 1286 3449 si
1308 3387 1363 3450 ille

368 3483 467 3546 semel
495 3485 680 3564 obstrepere
716 3502 814 3545 ausus
842 3483 902 3544 erit
929 3485 984 3546 dat
1011 3504 1147 3564 poenam
1181 3484 1299 3562 reduci,
1328 3484 1362 3546 ni

322 3605 354 3659 30
367 3581 515 3663 precibus
532 3581 639 3644 multis
660 3581 794 3662 aliisque
809 3581 1048 3662 quibuscunque
1065 3582 1186 3660 officiis,
1202 3583 1362 3645 silentium

267 3736 270 3741 .
367 3679 505 3742 vicariae
519 3679 668 3742 dominae
683 3678 868 3759 impetrarit,
883 3679 1059 3742 conciliarit
1071 3679 1215 3760 gratiam.

409 3777 531 3841 Contra
555 3797 675 3840 morem
702 3776 889 3840 nostratium
914 3777 1046 3856 capillos
1071 3779 1213 3853 tondent,
1237 3799 1363 3859 ungues

370 3875 467 3938 alunt.
