3142 4575
230 589 233 593 .
247 525 321 592 can
336 529 397 611 vu]
630 530 867 594 CRAPULIA
1204 552 1241 613 15

247 708 288 747 an
317 696 463 765 stagnum
493 686 611 764 nescio,
642 686 818 748 lentissimo
846 688 928 766 pede
955 687 1065 767 serpit.
1118 686 1242 749 Unicus

248 796 368 846 tanturn
391 794 477 863 patet
503 784 615 845 incolis
641 783 835 846 ascendendi
858 784 956 861 locus,
980 786 1032 846 via
1054 784 1157 863 unica,
1182 806 1241 847 nec

247 884 302 944 illa
326 883 479 962 gradibus
500 882 698 962 quibusdam,
721 882 767 944 uti
791 881 860 944 fieri
883 883 973 959 solet,
998 883 1147 960 sinuosis,
1170 885 1243 962 sed,

248 980 302 1060 qui
344 990 511 1059 puteorum
554 1000 623 1041 mos
666 990 722 1055 est,
765 980 906 1042 demisso
949 981 1024 1043 lune
1065 1002 1102 1043 ac
1144 984 1245 1045 corbe

248 1076 394 1139 viminea.
724 1106 725 1110 ¹
1258 1108 1272 1157 5

287 1176 481 1237 Alimentum
498 1176 567 1237 istis
582 1176 784 1255 suppeditant
798 1197 875 1238 aves
886 1176 959 1238 huic
970 1178 1041 1238 loco
1052 1177 1242 1257 peculiares,

249 1294 306 1335 nec
321 1274 473 1335 visendae
491 1274 577 1334 alias.
623 1274 886 1353 Gutigesuoeant
905 1275 1041 1350 accolae,
1059 1274 1162 1335 fulicis
1177 1295 1242 1336 non

248 1372 416 1446 absimiles,
444 1371 539 1451 idque
568 1370 680 1449 triplici
710 1371 823 1432 modo:
851 1392 934 1447 nam,
961 1382 1088 1451 praeter
1115 1392 1242 1434 carnem

248 1490 335 1531 suam
349 1480 379 1531 et
390 1489 522 1530 ovorum
534 1468 722 1548 congeriem,
736 1469 874 1529 maxima
884 1469 1017 1548 piscium
1030 1470 1130 1549 copia,
1144 1470 1244 1549 prolis

248 1566 455 1629 enutriendae
470 1566 579 1651 gratia,
596 1566 689 1627 nidos
708 1586 784 1627 suos
806 1567 967 1629 instruunt
984 1566 1096 1644 indieS,
1114 1567 1243 1647 fereque
1257 1589 1288 1625 10

248 1667 385 1727 obruunt
390 1688 398 1743 ;
416 1664 491 1745 quin
507 1675 538 1727 et
553 1666 623 1726 ioco
637 1665 769 1743 perenni
782 1665 958 1727 inserviunt
969 1676 1101 1746 aggesta
1111 1665 1242 1728 istarum

249 1765 331 1826 nidis
358 1764 502 1843 virgulta.
554 1762 641 1837 Quid
669 1762 752 1824 ultra
781 1763 970 1842 desideres?
1005 1764 1099 1825 etiam
1127 1764 1243 1843 plumis

249 1863 497 1941 mollissimaque
521 1862 633 1921 harum
659 1860 808 1941 lanugine
837 1861 936 1923 lectos
959 1860 1020 1921 sibi
1045 1861 1242 1923 conferciunt

250 1950 345 2023 cives.

292 2060 370 2147 Pars
385 2058 517 2119 interior
535 2057 630 2119 vitem
652 2059 797 2139 producit
813 2059 1101 2139 generosissimam,
1117 2051 1286 2141 laetam-15

248 2177 309 2235 que
328 2168 490 2236 ,segetem
504 2176 571 2235 nec
589 2156 664 2235 quid
685 2158 769 2217 aliud
790 2168 845 2233 est,
863 2160 949 2237 quod
966 2158 1167 2238 Ucalegones
1191 2161 1241 2221 vel

249 2275 313 2315 non
330 2255 455 2330 habent,
471 2254 522 2316 vel
538 2275 602 2316 non
617 2266 737 2318 curant.

291 2353 355 2414 Hic
397 2373 476 2432 :ergo
524 2353 772 2416 incuriosissime
815 2355 881 2435 agit
914 2366 1049 2417 aetatem
1085 2357 1243 2436 populus:

248 2462 371 2528 cenant,
422 2451 591 2528 dormiunt,
639 2463 781 2533 surgunt,
832 2454 996 2533 prandent,
1045 2455 1241 2517 recumbunt.

250 2547 412 2620 Exsulant‚
424 2550 494 2630 lege
510 2550 696 2631 Sybaritica,
712 2573 777 2614 non
794 2553 889 2613 modo
902 2552 986 2614 Galli
1001 2572 1122 2630 omneS,
1138 2551 1196 2614 sed
1212 2538 1287 2614 etro

248 2669 342 2710 omne
366 2633 467 2728 genus
493 2649 645 2710 artificum
659 2671 667 2726 ;
697 2651 853 2729 agricolas
875 2651 960 2711 enirn
982 2651 1043 2712 soli
1069 2651 1120 2712 hic
1145 2659 1243 2730 agunt

247 2747 344 2827 porci,
369 2749 453 2826 quod
481 2748 654 2827 antiquitus
679 2747 795 2808 iactum
820 2749 861 2810 ab
886 2748 1061 2829 Aegyptiis,
1086 2769 1144 2809 nec
1172 2748 1243 2809 aliis

247 2857 296 2908 est
325 2865 413 2925 opus.
469 2845 552 2907 Sunt
581 2856 686 2907 tamen
717 2846 884 2906 ditioribus
918 2845 1075 2907 ministri:
1107 2864 1242 2925 quorum

248 2945 328 3005 alter
356 2943 606 3023 expergiscentis
636 2945 746 3004 oculos
778 2944 878 3023 aperit
907 2943 993 3006 lenta
1027 2964 1134 3021 manu,
1162 2945 1243 3005 alter

248 3042 353 3103 edenti
375 3043 537 3103 ventulum
559 3040 631 3101 iacit
654 3041 791 3117 flabello,
816 3042 895 3103 alter
920 3041 1020 3104 frusta
1048 3040 1165 3102 hiantis
1194 3041 1241 3100 ori
1256 3069 1285 3119 ²5

247 3139 401 3216 immittit;
428 3139 507 3200 alter
531 3139 690 3217 cingulum
713 3139 808 3200 solvit
832 3141 1010 3220 nectitque:
1039 3139 1169 3201 domino
1192 3150 1242 3200 sat

248 3249 296 3299 est
310 3238 468 3317 ingestum
484 3237 531 3297 ori
547 3237 650 3298 cibum
666 3239 866 3313 manducare,
885 3239 1039 3318 digerere.

288 3336 356 3398 Sub
377 3335 565 3414 Ucalegonii
587 3335 746 3414 praesidio
769 3337 957 3398 delitescunt
980 3348 1011 3398 et
1032 3337 1113 3398 aliae
1135 3337 1238 3415 urbeS,

248 3435 422 3513 iisdemque
443 3433 589 3494 fruuntur
610 3433 793 3513 privilegiis,
811 3434 931 3495 Lirona
951 3446 982 3497 et
1005 3434 1162 3509 Roncara,
1179 3436 1240 3497 nisi

247 3533 333 3612 quod
356 3532 421 3593 sere
447 3552 573 3612 semper
596 3532 757 3593 dormiunt
785 3532 879 3609 cives,
906 3543 946 3610 et,
973 3533 1059 3613 quod
1088 3534 1129 3595 de
1157 3534 1241 3595 ursis
1252 3561 1284 3609 30

250 3630 378 3700 Plinius,
394 3639 458 3690 tam
480 3631 567 3708 gravi
589 3650 703 3690 somno
725 3641 918 3709 premuntur,
936 3642 970 3691 ut
992 3652 1032 3692 ne
1054 3631 1240 3692 vulneribus

248 3727 373 3806 quidem
409 3728 538 3788 excitari
575 3739 691 3807 queant
703 3750 712 3804 ;
748 3727 925 3806 mirumque
961 3727 993 3788 in
1022 3729 1150 3789 modum
1179 3732 1238 3790 hoc

247 3836 376 3886 veterno
398 3824 619 3914 pinguescunt.
