3142 4575
264 509 335 551 cnr.
353 488 415 569 vri]
653 487 874 548 MORONIA
1218 510 1255 567 71

306 645 374 708 Nec
403 645 571 725 quisquam
594 642 746 704 nobilium
769 652 825 717 est,
853 662 935 722 quos
961 642 1121 722 Scogidos
1148 644 1257 723 appel-

264 744 338 820 lant,
370 742 446 824 quin
476 741 607 821 praedia
642 741 736 801 etiam
772 740 887 801 habeat
914 742 1106 815 suburbana,
1136 740 1259 801 colonis

264 842 452 923 quibusdam
468 840 630 917 (Vellacos
651 849 765 901 vocant
779 839 887 918 vulgo)
902 840 1043 915 'elocata3
1065 838 1169 901 servis
1182 858 1259 900 vero

263 940 408 1021 plerique
425 938 583 999 Lisonicis
599 948 736 998 utuntur.

304 1038 399 1100 Victu
414 1047 446 1100 et
461 1036 626 1116 praetenui
641 1046 672 1097 et
687 1034 841 1096 vilissimo
863 1035 1003 1096 contenti
1017 1045 1091 1097 sunt
1106 1035 1168 1115 ipsi
1183 1035 1260 1097 Sen·
1273 1064 1286 1113 5

265 1136 389 1213 naladii,
418 1134 572 1196 nobilium
600 1133 847 1213 generosissimi.
895 1134 978 1195 Sunt
1006 1144 1111 1195 tamen
1140 1155 1180 1195 ex
1209 1134 1261 1195 his

266 1234 330 1316 qui,
344 1234 444 1296 semel
460 1233 492 1293 in
508 1252 600 1306 anno,
618 1233 677 1292 sub
693 1230 789 1293 finem
804 1232 885 1293 sorte
902 1232 1097 1307 Decembris,
1116 1232 1261 1294 convivia

265 1332 392 1413 quidem
413 1330 534 1412 agitant
548 1329 817 1410 splendidissima,
834 1351 949 1410 magno
971 1351 1042 1392 cum
1057 1342 1211 1410 apparatu
1230 1341 1262 1391 et

265 1432 425 1511 hospitum
458 1449 591 1491 numero
620 1438 651 1489 et
683 1428 885 1505 ferculorum,
920 1441 954 1491 ut
985 1428 1041 1490 uni
1076 1430 1148 1489 huie
1180 1430 1262 1489 festo

266 1530 386 1593 reditus
414 1529 481 1591 fere
508 1548 620 1590 omnes
652 1527 813 1589 insumere
846 1548 979 1591 necesse
1012 1528 1052 1589 sit
1064 1550 1074 1604 ;
1109 1527 1261 1606 deinceps
1277 1549 1306 1583 10

265 1648 341 1691 vero
366 1628 451 1708 quod
474 1636 627 1707 superest,
656 1624 701 1687 ita
724 1627 855 1705 genium
882 1627 1072 1688 defraudant
1097 1636 1131 1687 ut
1159 1644 1261 1704 paene

240 1709 247 1717 ’
266 1746 354 1787 mera
370 1746 405 1787 se
420 1725 501 1787 lame
517 1734 659 1786 enecent.

309 1822 435 1885 Horum
463 1823 563 1884 cuivis
584 1842 649 1883 non
671 1842 753 1899 arca,
781 1843 855 1891 non·
870 1822 987 1885 fundus
1015 1834 1137 1885 tantum
1165 1822 1258 1899 valet,

266 1932 417 2002 quantum
432 1921 556 2001 gladius
578 1932 610 1983 et
631 1921 716 2000 quod
738 1922 820 2000 gerit
834 1922 1013 1983 amiculum.
1057 1920 1132 1982 Non
1147 1921 1262 1983 desunt

267 2041 307 2081 ex
322 2020 403 2097 istis,
418 2020 472 2099 qui
494 2030 620 2080 centum
642 2019 790 2097 pluresve
808 2019 1115 2100 Mangeguadagnos
1129 2018 1162 2096 (ii
1176 2016 1260 2079 servi
1276 2035 1306 2085 15

267 2120 351 2197 sunt)
373 2119 460 2179 alunt
475 2117 687 2196 vestiuntque.
732 2117 893 2197 Quicquid
915 2119 1032 2179 habent
1053 2128 1169 2192 tamen,
1190 2134 1261 2175 cum

268 2228 411 2278 mutuum
436 2236 501 2277 non
523 2225 665 2296 possunt,
690 2225 818 2275 sumunt
841 2216 971 2295 fenore,
993 2226 1161 2296 vestesque
1184 2232 1261 2275 suas

268 2339 287 2378 a
307 2315 433 2396 parario
463 2315 644 2376 conducunt
670 2313 702 2373 in
729 2313 823 2376 diem.
863 2315 939 2376 Vidi
963 2325 993 2375 et
1018 2314 1071 2394 qui
1101 2313 1259 2376 stabulum

267 2414 326 2476 sibi
341 2413 492 2476 struxerit
507 2433 581 2474 vere
597 2411 726 2492 regium,
746 2434 763 2474 e
786 2413 881 2492 longe
901 2413 1087 2492 conquisitis
1103 2412 1261 2492 lapidibus

267 2512 422 2574 columnis
443 2510 638 2586 marmoreis,
656 2511 819 2590 multoque
833 2512 930 2572 ebore
944 2511 1178 2587 concinnatum,
1192 2509 1261 2589 ipse
1276 2533 1307 2566 ιο

267 2628 343 2669 vero
361 2609 482 2670 interea
500 2607 692 2688 tuguriolum
711 2607 840 2686 humile,
856 2619 1035 2689 angustum,
1052 2607 1261 2691 caespititium

267 2705 425 2768 habitarit.

310 2803 448 2866 Nomina
462 2803 522 2866 sibi
541 2803 727 2884 longissima
747 2803 878 2885 fingunt,
896 2807 952 2868 sed
969 2815 1001 2867 et
1014 2805 1123 2867 titulos
1138 2825 1260 2880 omneS,

268 2921 331 2962 non
349 2923 413 2963 uno
433 2901 546 2982 spiritu
565 2902 713 2978 contenti,
729 2904 960 2982 compositione
980 2903 1137 2983 frequenti
1156 2924 1262 2964 cumu-

267 3001 342 3062 lant.
1276 3025 1305 3073 ²5

311 3097 442 3160 Plumae
463 3097 514 3158 hic
546 3099 731 3178 praesertim
757 3101 929 3179 longiores,
953 3120 1033 3180 quas
1056 3099 1262 3179 Spruzzolias

267 3207 390 3271 vocant,
408 3215 472 3256 non
495 3195 626 3258 minoris
648 3196 728 3258 fiunt
749 3217 844 3276 quam
866 3198 968 3277 pelles
988 3198 1073 3276 apud
1089 3197 1263 3258 hodiernas

270 3294 472 3356 Moscovitas.
516 3293 624 3373 Aliqui
656 3305 823 3374 praeterea
855 3297 1060 3376 campanulas
1095 3305 1263 3374 argenteas

267 3391 424 3454 calcaneis
440 3393 643 3471 appendunt;
664 3413 753 3472 quae,
771 3394 811 3454 ad
826 3392 952 3474 singula
966 3394 1100 3474 vestigia
1115 3395 1198 3454 clare
1213 3413 1262 3454 re·

268 3502 430 3566 sonantes,
446 3490 555 3552 oculos
573 3491 613 3551 ad
628 3510 663 3552 se
678 3501 793 3552 vocant
815 3492 1085 3572 praetereuntium
1104 3511 1262 3572 auresque
1276 3523 1306 3571 30

268 3589 458 3651 demulcent.

311 3686 407 3749 Pauci
436 3688 491 3765 illi,
524 3689 578 3768 qui
606 3690 733 3769 generis
763 3690 992 3770 ignobilitatem
1028 3710 1093 3752 non
1129 3700 1265 3770 possunt

269 3785 403 3864 diffiteri,
422 3787 548 3850 excelso
563 3798 667 3850 tamen
688 3788 794 3850 animo
811 3799 891 3865 sunt,
909 3799 941 3850 et
956 3789 1109 3851 altissima
1126 3789 1261 3869 sapiunt.
