3142 4575
339 512 377 573 16
522 510 721 574 MUNDUS
749 510 907 573 ALTER
936 512 995 574 ΕΤ
1025 512 1141 575 IDEM
1191 570 1194 574 .
1228 513 1332 596 [tint

600 724 680 789 Cur.
707 725 765 789 lX.
810 726 920 789 Lacus
946 726 1055 789 Racru

337 860 350 919 s
379 855 658 919 Prrnouoscona
689 856 893 935 praetorium,
923 857 1065 937 prolecto
1101 859 1330 939 amplissimum

334 964 368 1015 et
388 954 537 1017 fenestris
558 953 700 1034 undique
721 953 987 1033 patentissimum,'
1010 954 1042 1016 in
1070 955 1141 1035 ipso
1165 955 1332 1037 propylaei

335 1050 539 1132 frontispicio,
557 1052 662 1113 aureis
677 1051 776 1114 literis
796 1051 931 1131 scriptas
950 1052 1079 1116 exhibet
1097 1074 1206 1119 sacras
1222 1054 1331 1135 legum

336 1150 468 1227 tabulas,
484 1150 517 1211 in
532 1150 614 1211 hanc
628 1149 694 1212 fere
709 1150 899 1213 sententiam
915 1172 964 1213 :—

307 1288 335 1339 5,
378 1269 403 1313 1.
430 1248 602 1311 Monositia
616 1250 720 1312 scelus
735 1259 815 1311 esto.

374 1370 403 1409 2.
426 1348 573 1428 integras
584 1358 720 1428 quatuor
728 1348 825 1410 horas
836 1348 1132 1429 quisquisasomno
1142 1349 1331 1415 ieiunaverit

334 1456 366 1519 et
380 1446 614 1526 defraudaverit
629 1446 767 1525 genium,
783 1446 833 1507 bis
848 1458 982 1527 cogatur
994 1468 1119 1511 cenare.

374 1566 403 1625 3.
427 1544 493 1607 Ore
507 1544 568 1606 iam
582 1545 686 1625 pleno,
703 1554 790 1607 recto
806 1545 905 1625 digito
921 1548 1128 1633 respondisse
1144 1559 1192 1609 sat
1207 1558 1286 1609 esto.

374 1663 402 1722 4.
427 1642 550 1705 Laesae
564 1642 736 1705 maiestatis
751 1663 826 1705 reus
841 1644 923 1706 fame
934 1656 1057 1723 pereat:
1073 1645 1184 1726 culpae
1200 1645 1331 1709 levioris

292 1772 323 1809 ω
335 1743 430 1803 dente
444 1742 620 1803 mulctator.

375 1858 403 1918 5.
427 1838 609 1919 Coquorum
631 1840 775 1920 quisquis
797 1841 840 1902 ita
862 1842 944 1903 male
965 1845 1146 1904 tractaverit
1160 1843 1330 1905 obsonium

334 1946 367 1998 ut
382 1937 507 2000 edendo
528 1957 592 1999 non
614 1938 663 2015 sit,
683 1940 755 2019 palo
777 1939 902 2018 publico
933 1942 1116 2019 suffigatur:
1139 1941 1229 2006 iuxta.
1249 1962 1331 2021 quae

333 2037 532 2115 appendatur
566 2036 640 2097 caro
678 2037 858 2099 semicruda
885 2039 935 2099 vel
971 2038 1196 2116 semiustulata,
1226 2041 1329 2101 donec

334 2136 483 2197 misertus
497 2134 568 2215 quis
583 2134 746 2197 famelicus
760 2144 972 2215 spectatorum
988 2147 1085 2199 totam
1100 2138 1286 2199 comederit.

292 2255 320 2307 ¹5
374 2236 402 2296 6.
427 2234 590 2314 Quisquis
620 2234 695 2296 dum
724 2234 852 2314 cingulo
889 2245 1035 2311 tentatur,
1074 2236 1220 2315 spiritum
1257 2255 1330 2298 con-

333 2333 470 2409 tinuerit,
488 2333 635 2394 inhabilis
649 2333 718 2414 ipso
734 2333 815 2395 facto
831 2333 990 2411 redditor;
1013 2345 1044 2396 et
1059 2355 1117 2414 per
1131 2346 1230 2396 toturn
1247 2335 1330 2396 diem

332 2431 457 2494 ieiunus
484 2431 601 2494 carceri
629 2433 804 2508 damnator,
832 2432 876 2494 ita
903 2432 1031 2512 quidem
1061 2433 1263 2509 cancellatus,
1294 2443 1329 2494 ut

333 2531 473 2610 reliquos
510 2550 659 2610 proceres
697 2530 799 2610 possit
845 2531 1010 2610 epulantes
1052 2532 1196 2594 contueri
1232 2532 1329 2611 (quod

334 2629 522 2710 supplicium
544 2627 705 2691 nonnullis
727 2628 784 2689 suit
805 2628 959 2708 capitale).

290 2751 321 2786 20
376 2747 402 2805 7.
427 2726 588 2802 Quantum
611 2724 746 2805 quisque
767 2725 951 2803 comederit,
967 2727 1190 2789 commensalis
1212 2728 1329 2790 hebdo-

334 2825 482 2887 madatim
497 2827 537 2886 ad
552 2834 730 2904 praetorem
746 2823 891 2900 defert0;
912 2834 945 2885 ut
963 2826 990 2885 si
1008 2827 1205 2906 praescripto
1225 2825 1330 2886 minus

333 2923 504 2986 absolverit
518 2943 647 3004 poenas,
665 2922 780 3001 quibus
795 2922 912 3002 dignus
927 2934 984 3000 est,
1001 2924 1075 2986 luat.

377 3021 523 3084 Nummis
557 3041 621 3083 non
657 3029 806 3098 utuntur;
843 3041 946 3100 neque
983 3021 1067 3083 enim
1100 3023 1179 3083 tanti
1213 3021 1330 3084 faciunt

335 3133 458 3184 mortua
479 3122 557 3182 haec
580 3131 611 3183 et
633 3118 770 3199 insipida
791 3119 917 3180 metalla
928 3142 937 3196 ;
959 3122 1025 3194 sed,
1048 3122 1133 3200 quod
1156 3121 1330 3200 antiquitus

290 3249 320 3299 ²5
335 3219 450 3282 sactum
477 3221 569 3281 docet
591 3217 790 3293 Aristoteles
816 3217 886 3279 sola
908 3219 1059 3280 mercium
1083 3219 1330 3283 commutatione

333 3318 533 3381 venditiones
568 3316 808 3397 emptionesque
838 3337 944 3377 rerum
972 3328 1139 3397 peragunt.
1185 3317 1233 3379 Ita
1266 3320 1330 3380 duo

332 3437 481 3499 passeres
509 3426 629 3492 sturno,
652 3416 754 3477 sturni
780 3416 846 3476 duo
872 3415 975 3490 turdo,
999 3415 1062 3476 duo
1088 3415 1172 3476 turdi
1201 3416 1328 3495 gallina,

332 3519 468 3600 gallinae
496 3517 577 3578 duae
612 3535 734 3590 ansere,
770 3515 834 3575 duo
868 3533 1000 3576 anseres
1035 3534 1126 3594 agno,
1156 3515 1221 3576 duo
1257 3515 1330 3595 agni

333 3617 439 3692 vitu10,
479 3615 568 3678 vituli
610 3615 673 3675 duo
715 3633 820 3692 caprn,
861 3612 947 3692 capri
988 3613 1053 3672 duo
1090 3633 1185 3674 vacca
1222 3614 1330 3675 valere

290 3741 321 3790 30
334 3716 452 3778 solent:
481 3714 565 3794 quod
588 3723 619 3774 et
641 3711 673 3772 in
695 3711 838 3772 oleribus
860 3710 1064 3790 piscibusque
1085 3710 1128 3786 fit,
1149 3721 1232 3773 stato
1254 3732 1328 3791 quo·

334 3816 407 3875 dam
429 3813 549 3891 pretio:
580 3829 694 3889 nempe
720 3809 752 3869 id
776 3827 874 3868 unum
899 3818 1010 3870 curant
1033 3808 1162 3886 aediles,
1188 3830 1228 3872 ne
1257 3809 1328 3888 quis
