3142 4575
236 494 379 577 cm]
414 452 419 459 ⁸
602 495 853 559 munorum

420 729 504 794 Car.
527 727 587 793 IV.
627 727 904 794 anctrtettsrmr
924 732 1047 796 Omoo.

280 888 511 951 Pnucrssrunr
537 884 800 967 Viraginensium
827 886 897 948 istic
924 898 1018 949 natae
1043 900 1140 965 sunt;
1171 888 1229 951 sed

235 986 365 1049 aliunde
387 1006 408 1047 a
431 986 674 1066 quibuscunque
704 984 793 1047 orbis
821 996 926 1047 terrae
953 986 1137 1065 regionibus
1167 987 1230 1049 huc

237 1084 413 1158 confluunt,
429 1104 512 1163 quae
540 1094 595 1145 aut
616 1093 749 1164 propter
768 1083 899 1144 nimiam
923 1083 957 1144 in
973 1084 1106 1148 maritos
1121 1084 1230 1148 feroci·

235 1194 335 1245 tatem
358 1183 471 1263 pulsae
492 1193 577 1257 sunt,
599 1194 653 1244 aut
675 1193 808 1262 propter
829 1180 957 1242 nimiam
979 1183 1164 1246 maritorum
1186 1184 1230 1245 in·

237 1281 441 1343 clementiam
455 1291 487 1342 et
503 1280 692 1360 zelotypiam
705 1292 820 1361 sponte
832 1281 1028 1344 exsularunt.
1255 1316 1271 1365 5

278 1378 446 1458 Quotquot
459 1377 643 1439 maritomm
663 1399 794 1441 suorum
806 1380 966 1458 dominae,
980 1378 1090 1442 iniusti
1105 1380 1231 1461 imperii

234 1498 343 1554 causa,
356 1497 376 1538 e
386 1476 503 1537 finibus
517 1475 585 1538 suis
595 1496 740 1538 unacum
750 1477 828 1539 viris
837 1478 958 1540 eiectae
968 1478 1031 1540 huc
1038 1478 1229 1559 appulerint,

235 1578 269 1638 in
284 1576 413 1639 extimis
426 1573 518 1654 regni
539 1574 613 1650 oris,
630 1574 683 1636 illa
696 1577 885 1655 praesertim
898 1588 989 1657 parte
1004 1597 1089 1657 quae
1102 1576 1229 1657 Gynan·

234 1675 307 1736 dria
327 1674 380 1735 vel
403 1672 581 1733 Amazonia
602 1672 686 1734 dicta
710 1686 768 1750 est,
794 1676 889 1736 urbes
916 1674 1056 1737 munitas
1077 1675 1228 1751 incolunt,

234 1773 419 1851 militesque
433 1781 533 1851 agunt
547 1771 779 1851 praesidiarias.
1246 1798 1276 1832 to

279 1871 419 1933 Exsules
432 1890 511 1931 vero
523 1880 728 1949 spontaneae,
741 1892 823 1951 quae
834 1872 1029 1934 imbelliores
1041 1872 1230 1952 plerumque

235 1982 313 2033 sunt
333 1981 366 2032 et
386 1968 483 2030 animi
505 1967 666 2043 mollioris,
690 1968 814 2049 inipso
835 1970 926 2050 regni
946 1970 1095 2031 umbilico
1119 1988 1230 2050 pacem

236 2070 347 2131 colunt
360 2078 393 2129 et
407 2065 550 2128 sormam.

225 2222 228 2227 .
280 2166 397 2246 Neque
425 2175 475 2226 est
498 2164 585 2243 quod
608 2183 720 2243 speres
748 2166 973 2246 rempublicam
997 2176 1062 2228 tam
1090 2165 1231 2227 incertae

236 2264 372 2346 originis
390 2262 562 2344 aliquando
577 2282 654 2344 prae
668 2263 783 2325 civium
797 2264 956 2344 paucitate
969 2264 1163 2341 desituram
1184 2272 1231 2326 tot
1246 2280 1277 2330 ¹⁵

236 2364 322 2434 enim
359 2364 421 2424 huc
458 2361 561 2424 indies
592 2374 808 2443 aggregantur
840 2363 1013 2438 ultroneae,
1043 2361 1230 2443 praesertim

237 2460 425 2540 municipes,
441 2470 476 2522 ut
496 2461 669 2522 verendum
686 2461 727 2522 sit
741 2460 848 2541 potius
866 2480 909 2522 ne
924 2460 1033 2522 nullus
1050 2459 1140 2522 brevi
1160 2458 1234 2521 reli-

236 2580 321 2640 quus
336 2558 462 2619 iuturus
476 2558 518 2619 sit
532 2559 625 2620 novis
639 2559 760 2620 civibus
773 2558 992 2620 commorandi
1004 2557 1106 2621 locus.

281 2657 352 2737 Ego
378 2667 464 2718 certe
490 2657 572 2718 male
594 2669 710 2733 metuo,
730 2677 772 2718 ne
792 2657 847 2717 ubi
867 2656 1047 2717 istiusmodi
1069 2655 1161 2734 regio
1182 2673 1236 2715 no·

237 2755 393 2818 stratibus
412 2753 539 2816 feminis
557 2756 680 2817 calamo
701 2774 773 2815 meo
794 2753 975 2828 innotuerit,
989 2753 1045 2813 vix
1064 2753 1132 2813 ulla
1147 2749 1237 2811 domi
1252 2769 1285 2806 ιο

237 2873 391 2916 mansura
410 2852 461 2930 sit,
477 2853 613 2934 proximi
633 2851 754 2915 saeculi
773 2869 865 2930 spem
883 2868 943 2912 sua
956 2849 1150 2910 fecunditate
1164 2866 1240 2908 con·

237 2961 414 3015 servatura.

527 3149 609 3212 Car.
631 3147 674 3208 V.
725 3147 951 3208 Aennonlsrn.

281 3307 412 3368 Exruur
433 3306 539 3386 igitur,
554 3304 666 3385 regiae
681 3301 777 3363 urbis
791 3299 966 3380 diplomate
979 3296 1167 3373 instructus,
1182 3317 1253 3378 per·

236 3405 306 3468 rexi
326 3425 422 3486 porro
442 3405 481 3467 ad
501 3399 800 3484 septentrionalem
813 3394 1003 3474 Viraginiae
1016 3403 1152 3472 partem,
1169 3415 1255 3473 quae

238 3504 412 3583 Loqaniam
435 3512 564 3582 spectat,
585 3496 844 3580 Aphrodisiam,
864 3504 987 3555 terram
1007 3489 1118 3550 hercle
1139 3489 1258 3552 floren·
1272 3513 1304 3562 ²5

236 3601 399 3666 tissimum.

279 3698 350 3761 Nec
358 3698 424 3760 scio
432 3707 506 3777 quot
516 3694 675 3758 milliaria
688 3694 737 3754 ab
746 3689 858 3754 Erotio
866 3688 925 3751 vel
934 3683 1106 3748 Amantina
1115 3685 1267 3764 proxima

235 3795 375 3877 regionis
389 3796 465 3856 urbe
478 3795 633 3857 distarem
661 3811 748 3853 cum
771 3782 999 3852 iucundissimi
1013 3779 1124 3842 odoris
1145 3781 1270 3844 halitus
