3142 4575
256 570 327 615 can
341 550 393 634 ur]
644 548 857 613 YVRONIA
963 628 966 631 ἦ
1011 529 1015 536 ’
1209 569 1249 629 27

257 706 471 785 i·nstauratur;
500 726 562 786 qua
584 699 650 767 ser'e
672 705 768 781 finita,
786 725 965 785 mappaque
987 706 1049 766 iam
1070 703 1247 785 provoluta,

257 806 407 885 magister
428 804 692 867 caerimoniarum
710 804 796 865 clara
817 823 895 865 voce
915 802 1185 865 ‘orsuuuuarrs'
1202 813 1251 865 ter

257 914 478 984 praeconatur.

299 1002 372 1077 Quo
394 1023 474 1064 sono
496 1002 613 1064 sciolus
638 1022 697 1082 ego
717 1001 881 1063 dimissam
903 1000 1011 1081 putavi
1034 1001 1167 1077 turbam,
1191 1000 1251 1061 dis·

258 1101 499 1181 cessionemque
521 1102 701 1175 meditatus
720 1101 806 1162 movi
827 1101 960 1180 pedem:
989 1119 1094 1177 quum,
1111 1098 1252 1160 manicas
1289 1116 1304 1165 5

258 1199 335 1259 mihi
360 1199 474 1261 leniter
499 1200 630 1275 vellenS,
657 1199 784 1278 hospes
819 1197 915 1272 ‘Hui,
942 1208 1007 1258 tam
1036 1196 1118 1273 cito,'
1140 1197 1250 1277 inquit,

261 1298 490 1359 ‘somniculose
505 1308 676 1377 spectator,
691 1298 745 1358 vix
760 1298 835 1358 dum
851 1297 979 1376 incepto
993 1296 1166 1357 convivio?
1203 1295 1252 1355 En
1291 1309 1297 1320 ’

259 1396 313 1457 tibi
343 1406 377 1457 ut
402 1416 466 1456 non
485 1396 636 1475 languido
663 1416 758 1457 cursu
781 1396 901 1456 defluat
926 1394 1044 1455 Bacchi
1066 1394 1253 1474 clepsydra:

259 1513 350 1555 mane
372 1494 509 1573 paulum,
533 1504 563 1555 et
585 1513 702 1556 scenae
724 1493 821 1555 huius
843 1491 1079 1571 catastropham
1097 1492 1255 1571 patienter

260 1592 430 1671 exspecta!
476 1592 577 1668 Parui,
603 1592 751 1671 stetique.
1269 1609 1298 1643 10

301 1690 330 1750 's
332 1711 385 1751 um
397 1711 479 1752 unus
495 1712 512 1752 e
527 1690 675 1767 convivis
691 1702 786 1752 exuta
799 1690 927 1767 corolla,
941 1690 1098 1769 flexisque
1109 1689 1253 1768 genibus,

260 1789 346 1849 velut
374 1800 447 1851 vota
476 1789 623 1865 facturus,
652 1789 825 1850 sextarium
854 1788 983 1867 arripit;
1013 1798 1044 1847 et
1075 1785 1255 1862 ‘Salutem’

261 1888 370 1966 inquit,
404 1888 588 1966 ‘Cagastrio
618 1888 838 1967 potentissimo
868 1886 1039 1965 Crapuliae
1061 1883 1256 1945 Archiduci.'

264 1986 355 2062 Bibit,
382 1986 517 2063 anhelat,
549 1986 693 2065 respirat,
722 1995 849 2059 eructat,
878 1984 1115 2059 sermocinatur,
1142 1984 1254 2058 donec,

262 2096 335 2164 post
371 2096 457 2147 certa
485 2085 641 2164 quaedam
680 2084 845 2145 intervalla
879 2093 988 2161 totque
1016 2082 1150 2142 haustus
1178 2091 1256 2160 quot
1271 2102 1301 2152 15

263 2183 383 2245 nomini
399 2204 458 2245 suo
474 2183 593 2258 literae,
610 2182 742 2243 fundum
758 2180 930 2243 inverterit.

305 2281 457 2362 Sequitur
478 2303 496 2344 a
518 2297 641 2342 summo
664 2279 807 2360 quisque,
825 2278 1002 2359 iisdemque
1024 2278 1146 2357 poculo,
1164 2276 1256 2356 fact0,

264 2392 295 2442 et
329 2392 420 2462 gestu
452 2380 549 2442 fidum
578 2400 613 2442 se
642 2380 827 2458 comprobat
854 2377 955 2439 civem
986 2397 1023 2438 ac
1056 2377 1256 2451 benevolum,

264 2481 413 2560 quodque
428 2479 554 2556 mavult,
572 2489 738 2540 strenuum
754 2487 940 2556 potatorem.
997 2535 999 2539 .

222 2627 223 2630 η
304 2579 453 2658 Assurgit
468 2577 574 2642 statim
590 2577 670 2638 alter
685 2587 715 2638 et
730 2575 837 2637 ‘Bene
851 2574 931 2651 vos,'
947 2574 1058 2654 inquit,
1073 2575 1172 2635 ‘bene
1187 2594 1256 2649 nos,
1271 2600 1304 2634 20

265 2679 346 2738 bene
368 2675 608 2738 celeberrimam
632 2685 664 2736 et
689 2675 947 2754 augustissimam
970 2667 1257 2752 Zouffenbergam'

265 2777 411 2855 clareque
433 2773 559 2836 interim
582 2784 683 2835 ructat
711 2773 875 2834 incurvato
902 2792 996 2852 genu,
1024 2771 1113 2848 bibit,
1138 2770 1257 2844 ebibit;

265 2894 322 2936 nec
337 2875 409 2953 quis
424 2873 517 2935 audet
532 2894 596 2934 non
612 2873 713 2952 sequi.

306 2973 451 3034 Tandem
466 2991 537 3032 cum
551 2992 615 3032 una
630 2991 730 3050 aeque
745 2971 860 3050 pocula
876 2970 997 3050 potavit
1012 2968 1156 3048 quisque,
1172 2968 1257 3047 quod

265 3072 408 3152 splenem
431 3069 509 3130 mihi
534 3069 630 3132 movit
654 3069 799 3143 maxime,
827 3078 901 3148 post
925 3068 1003 3128 haec
1027 3066 1120 3141 seria,
1146 3065 1259 3125 ordine
1274 3090 1305 3139 ²5

266 3191 323 3231 suo
349 3179 476 3249 poetam
501 3167 564 3247 agit
590 3167 818 3246 unusquisque,
845 3166 946 3226 musis
975 3165 1122 3224 omnibus
1143 3162 1258 3238 invitis,

266 3269 364 3330 solius
389 3265 506 3328 Bacchi
528 3265 658 3326 numine
680 3266 833 3340 aemuluS,
857 3264 984 3339 scilicet,
1008 3261 1129 3340 antiqui
1151 3260 1258 3336 moris,

267 3367 356 3427 cuius
385 3363 527 3425 meminit
558 3362 759 3439 Plutarchus
785 3362 976 3423 cantilenam
1005 3360 1140 3440 quisque
1169 3378 1259 3418 suam

267 3464 456 3526 modulatur.
496 3462 601 3523 Instar
613 3461 700 3540 lyrae
715 3470 783 3522 erat
798 3461 913 3539 poculo
925 3460 1079 3520 insonans
1094 3457 1259 3519 cultellus:

268 3575 298 3624 et
331 3562 490 3642 pulsatum
519 3571 578 3638 est,
608 3559 729 3638 edepol,
758 3558 951 3620 harmonice.
1002 3557 1095 3620 Alter
1126 3555 1258 3617 amicam
1274 3576 1307 3625 30

267 3682 357 3722 suam
384 3661 529 3736 laudavit,
554 3659 633 3720 alter
657 3657 794 3738 Dionysi
822 3657 969 3718 virtutem
998 3653 1201 3736 praedicavit,
1225 3664 1259 3714 ut

267 3760 459 3822 succurrerit
483 3759 560 3819 mihi
576 3757 680 3819 statim
696 3757 773 3818 illud
790 3766 882 3818 vetus
899 3754 1042 3816 Laberii:

463 3881 605 3936 Ebriulati
624 3888 755 3935 mentem
775 3877 900 3934 hilarem
920 3876 1074 3948 accipiunt
