3142 4575
233 557 305 601 cnr.
322 537 360 619 11]
461 602 463 607 ,
605 534 841 598 CRAPULIA
1204 555 1221 612 7

232 713 326 774 quam
357 703 391 753 ut
418 711 513 754 veros
545 691 647 772 pariat
674 692 819 772 gulones.
878 691 1006 753 Incolae
1034 691 1122 754 fusca
1149 702 1236 775 sunt

232 802 311 868 cute,
341 790 477 871 pilisque
506 790 642 865 retortis,
668 809 770 869 neque
800 800 862 851 tam
891 789 1006 850 molem
1035 797 1089 851 aut
1117 810 1223 851 nume·

232 910 302 951 rum
318 909 413 969 quam
428 887 558 949 delicias
573 898 739 967 quaerunt.

275 987 312 1049 ln
336 987 406 1066 ipso
428 985 646 1066 promontorio
671 984 792 1046 Terrae
819 986 985 1061 Australis,
1013 986 1097 1065 quod
1123 1006 1183 1047 nos
1205 1007 1225 1047 a

231 1087 338 1149 colore
357 1084 492 1165 Nigrum
513 1082 696 1145 vocabimus
711 1083 935 1161 (fumosissima
954 1085 1039 1147 enim
1057 1085 1146 1163 regio
1161 1095 1209 1146 est
1214 1105 1222 1161 ;
1238 1102 1252 1151 ⁵

232 1185 353 1266 partim,
377 1192 508 1264 propter
529 1180 804 1262 frequentissimos
829 1181 890 1242 loci
915 1202 1069 1262 vapores;
1098 1183 1223 1263 partim,

132 1270 150 1343 J
231 1293 361 1363 propter
372 1281 492 1343 Terrae
507 1281 568 1342 Del
582 1280 608 1340 F
609 1300 671 1359 ogo
682 1280 886 1357 vicinitatem,
898 1300 979 1360 quae
990 1281 1064 1341 huic
1074 1301 1093 1342 a
1102 1282 1223 1343 dextris

231 1381 373 1457 adiacet),
396 1381 473 1441 urbs
489 1374 546 1441 'est
567 1378 697 1454 Cucina,
723 1378 876 1440 aediliciis
898 1378 976 1439 satis
1001 1376 1127 1459 quidem
1152 1381 1224 1441 altis

159 1505 163 1513 ¹
231 1490 263 1541 at
278 1479 457 1559 fuliginosis
472 1477 629 1557 olidisque
644 1486 833 1538 constructa.

273 1578 408 1640 Celebre
432 1576 482 1637 hic
506 1574 628 1637 Omasii
649 1574 714 1635 divi
736 1574 886 1655 templum
909 1585 966 1649 est,
989 1568 1085 1637 molis
1108 1576 1222 1657 edepol
1240 1605 1269 1641 ιο

231 1676 439 1751 vastissimae,
456 1672 541 1735 mille
556 1674 619 1734 aris
634 1693 670 1734 ac
685 1672 763 1735 focis
778 1672 910 1734 totidem
926 1672 1122 1735 instructum.

286 1825 366 1888 CAP.
392 1824 449 1887 IV.
493 1822 653 1886 Securum
677 1822 948 1885 Pnnpnnoourns
972 1824 1157 1887 Pnovnicm

254 1967 487 2035 ‚Abrunorrun
515 1964 587 2025 huic
612 1964 836 2026 amoenissima
858 1944 932 2045 pars
958 1964 1225 2046 Pamphagoniae,

233 2064 367 2125 Tractus
400 2063 595 2139 GolosiniuS,
630 2062 771 2142 dactylis
806 2063 1056 2143 amygdalisque,
1092 2065 1222 2142 ficubuS,

231 2162 332 2238 olivis,
360 2162 451 2222 malis
479 2160 602 2241 punicis
629 2160 799 2241 citreisque
827 2173 1016 2242 coopertus;
1045 2183 1103 2242 per
1130 2185 1223 2244 quem

233 2260 486 2342 limpidissimum
501 2259 620 2322 ssumen
637 2258 765 2340 Oglium
782 2259 874 2327 tacite
889 2260 1050 2324 discurrit·
1239 2266 1285 2334 15'

274 2359 338 2421 Hic
372 2359 585 2439 Marzapane,
620 2359 752 2438 pulchra
782 2344 866 2435 urbs,
902 2360 1027 2440 alteque
1055 2363 1166 2424 turrita
1193 2374 1225 2425 et

232 2459 390 2531 deaurata,
414 2458 472 2519 sed
492 2457 623 2518 nimium
644 2458 931 2536 patens-hostibus.
976 2459 1036 2520 Cui
1061 2460 1224 2523 imminent

232 2555 380 2617 Zuckerii
396 2555 513 2631 Colles
530 2577 548 2617 e
564 2575 698 2635 quorum
714 2555 889 2618 visceribus
904 2558 996 2620 dulce
1014 2559 1123 2621 nescio
1138 2561 1221 2640 quid,

231 2654 442 2734 albicansque,
467 2665 498 2715 et
519 2655 631 2714 durum
654 2652 750 2714 effodi
773 2655 864 2730 solet,
886 2655 940 2716 vix
964 2666 1073 2717 notum
1096 2660 1223 2719 saeculo

231 2752 340 2832 priori,
362 2752 456 2832 quale
477 2762 603 2812 veteres
627 2771 668 2811 ex
693 2752 904 2814 arundinibus
924 2754 1070 2816 Arabicis
1094 2755 1222 2817 Indicis·
1237 2783 1269 2816 ιο

232 2869 294 2927 que
308 2849 473 2929 petierunt.
519 2848 730 2910 Paucissimos
749 2849 800 2910 hic
818 2851 941 2913 videbis
962 2853 1074 2914 aetatis
1097 2855 1223 2915 adultae

232 2965 295 3006 non
312 2947 485 3021 edentulos
503 2946 697 3026 spiritusque
712 2947 920 3023 foetidissimi.
1244 3017 1248 3024 ¹

273 3043 455 3124 Seplasium
484 3044 634 3106 urbecula
661 3045 734 3105 huic
770 3046 924 3124 proxima,
955 3068 1036 3127 quae
1065 3049 1223 3111 neminem

231 3142 367 3204 admittit
395 3142 494 3203 civem
516 3153 643 3222 praeter
671 3143 759 3204 solos
781 3144 987 3206 aromatarios
1008 3148 1223 3226 pyxidumque

232 3241 483 3316 concinnatores
504 3241 656 3321 oppidum
675 3240 851 3320 Viraginiis
872 3243 972 3322 probe
994 3255 1112 3320 notum,
1133 3265 1220 3322 prae·
1237 3269 1267 3319 ²5

231 3340 339 3400 sertim
361 3360 438 3402 vero
463 3338 637 3419 LucaniciS,
662 3359 742 3418 quae
763 3341 892 3419 specula
913 3342 1096 3420 crystallina
1120 3343 1223 3404 solent

231 3438 344 3498 horum
360 3438 497 3518 pastillis
515 3448 546 3500 et
566 3437 738 3517 unguentis
759 3449 961 3500 commutare.
1008 3439 1144 3501 Istorum
1164 3441 1224 3502 arti

232 3535 314 3598 favet
329 3537 498 3598 admodum
521 3537 582 3598 loci
600 3537 822 3617 opportunitas
841 3547 872 3598 et
890 3538 969 3598 caeli
989 3539 1203 3600 munificentia
1211 3561 1224 3617 Ι;

232 3644 319 3697 totus
347 3636 431 3697 enim
460 3621 521 3698 iste
546 3645 675 3713 tractus,
697 3636 793 3698 certis
814 3635 1019 3715 temporibus,
1044 3638 1225 3700 aromaticis

232 3733 407 3806 trochisciS,
431 3754 490 3814 pro
512 3755 600 3796 more
622 3735 788 3815 grandinis
809 3734 975 3796 confertim
994 3735 1222 3811 decidentibus,
1238 3761 1270 3808 30

233 3831 421 3912 contegitur,
438 3853 532 3912 quam
552 3853 613 3912 ego
633 3833 864 3896 emanationem
884 3833 1017 3895 eandem
1037 3842 1123 3913 puto,
1140 3837 1224 3912 quod

1334 3908 1400 3922 Δ
