<?xml version="1.0" encoding="UTF-8"?>
<!DOCTYPE html PUBLIC "-//W3C//DTD XHTML 1.0 Transitional//EN"
    "http://www.w3.org/TR/xhtml1/DTD/xhtml1-transitional.dtd">
<html xmlns="http://www.w3.org/1999/xhtml" xml:lang="en" lang="en">
 <head>
  <title>
</title>
<meta http-equiv="Content-Type" content="text/html;charset=utf-8" />
  <meta name='ocr-system' content='tesseract 3.04.00' />
  <meta name='ocr-capabilities' content='ocr_page ocr_carea ocr_par ocr_line ocrx_word'/>
</head>
<body>
  <div class='ocr_page' id='page_1' title='image "./mundusalteretid00andegoog_0097.png"; bbox 0 0 3142 4575; ppageno 0'>
   <div class='ocr_carea' id='block_1_1' title="bbox 344 515 1335 600">
    <p class='ocr_par' dir='ltr' id='par_1_1' title="bbox 344 515 1335 600">
     <span class='ocr_line' id='line_1_1' title="bbox 344 515 1335 600; baseline 0.003 -23"><span class='ocrx_word' id='word_1_1' title='bbox 344 518 383 593; x_wconf 88' lang='lat'><strong>78</strong></span> <span class='ocrx_word' id='word_1_2' title='bbox 527 515 727 578; x_wconf 87' lang='lat' dir='ltr'>MUNDUS</span> <span class='ocrx_word' id='word_1_3' title='bbox 757 517 913 579; x_wconf 83' lang='lat' dir='ltr'>ALTER</span> <span class='ocrx_word' id='word_1_4' title='bbox 945 518 1003 579; x_wconf 90' lang='lat' dir='ltr'><strong>ET</strong></span> <span class='ocrx_word' id='word_1_5' title='bbox 1033 518 1147 580; x_wconf 87' lang='lat' dir='ltr'>IDEM</span> <span class='ocrx_word' id='word_1_6' title='bbox 1203 517 1281 600; x_wconf 76' lang='lat' dir='ltr'><strong>[tra.</strong></span> <span class='ocrx_word' id='word_1_7' title='bbox 1298 538 1335 580; x_wconf 86' lang='lat'><strong>111</strong></span> 
     </span>
    </p>
   </div>
   <div class='ocr_carea' id='block_1_2' title="bbox 257 672 1398 3919">
    <p class='ocr_par' dir='ltr' id='par_1_2' title="bbox 342 672 1338 950">
     <span class='ocr_line' id='line_1_2' title="bbox 383 672 1337 756; baseline 0.004 -23"><span class='ocrx_word' id='word_1_8' title='bbox 383 672 493 734; x_wconf 91' lang='lat' dir='ltr'><strong>Verbo</strong></span> <span class='ocrx_word' id='word_1_9' title='bbox 510 672 633 749; x_wconf 88' lang='lat' dir='ltr'><strong>dicam;</strong></span> <span class='ocrx_word' id='word_1_10' title='bbox 653 683 792 753; x_wconf 89' lang='lat' dir='ltr'><strong>quatuor</strong></span> <span class='ocrx_word' id='word_1_11' title='bbox 811 673 862 735; x_wconf 91' lang='lat' dir='ltr'><strong>hic</strong></span> <span class='ocrx_word' id='word_1_12' title='bbox 881 675 1007 736; x_wconf 89' lang='lat' dir='ltr'><strong>aedium</strong></span> <span class='ocrx_word' id='word_1_13' title='bbox 1027 696 1146 755; x_wconf 88' lang='lat' dir='ltr'><strong>genera</strong></span> <span class='ocrx_word' id='word_1_14' title='bbox 1164 677 1337 756; x_wconf 81' lang='lat' dir='ltr'><strong>conspexi:</strong></span> 
     </span>
     <span class='ocr_line' id='line_1_3' title="bbox 343 770 1338 855; baseline 0.004 -22"><span class='ocrx_word' id='word_1_15' title='bbox 343 771 485 852; x_wconf 88' lang='lat' dir='ltr'><strong>Templa,</strong></span> <span class='ocrx_word' id='word_1_16' title='bbox 507 770 680 847; x_wconf 90' lang='lat' dir='ltr'><strong>Coenobia,</strong></span> <span class='ocrx_word' id='word_1_17' title='bbox 706 771 915 849; x_wconf 89' lang='lat' dir='ltr'><strong>Proseuchas,</strong></span> <span class='ocrx_word' id='word_1_18' title='bbox 935 774 1131 853; x_wconf 88' lang='lat' dir='ltr'><strong>Tuguriola;</strong></span> <span class='ocrx_word' id='word_1_19' title='bbox 1154 795 1228 837; x_wconf 90' lang='lat' dir='ltr'><strong>nam</strong></span> <span class='ocrx_word' id='word_1_20' title='bbox 1249 795 1338 855; x_wconf 90' lang='lat' dir='ltr'><strong>prae·</strong></span> 
     </span>
     <span class='ocr_line' id='line_1_4' title="bbox 342 869 1196 950; baseline 0.005 -19"><span class='ocrx_word' id='word_1_21' title='bbox 342 879 391 931; x_wconf 87' lang='lat' dir='ltr'><strong>ter</strong></span> <span class='ocrx_word' id='word_1_22' title='bbox 404 869 571 950; x_wconf 90' lang='lat' dir='ltr'><strong>religiosos</strong></span> <span class='ocrx_word' id='word_1_23' title='bbox 585 869 636 932; x_wconf 90' lang='lat' dir='ltr'><strong>vel</strong></span> <span class='ocrx_word' id='word_1_24' title='bbox 652 870 834 933; x_wconf 87' lang='lat' dir='ltr'><strong>mendicant</strong></span> <span class='ocrx_word' id='word_1_25' title='bbox 848 892 961 934; x_wconf 91' lang='lat' dir='ltr'><strong>omnes</strong></span> <span class='ocrx_word' id='word_1_26' title='bbox 974 873 1026 935; x_wconf 91' lang='lat' dir='ltr'><strong>vel</strong></span> <span class='ocrx_word' id='word_1_27' title='bbox 1041 873 1196 936; x_wconf 90' lang='lat' dir='ltr'><strong>serviunt.</strong></span> 
     </span>
    </p>

    <p class='ocr_par' dir='ltr' id='par_1_3' title="bbox 384 968 1337 1052">
     <span class='ocr_line' id='line_1_5' title="bbox 384 968 1337 1052; baseline 0.005 -23"><span class='ocrx_word' id='word_1_28' title='bbox 384 968 553 1049; x_wconf 88' lang='lat' dir='ltr'><strong>Religioni·</strong></span> <span class='ocrx_word' id='word_1_29' title='bbox 569 969 692 1031; x_wconf 91' lang='lat' dir='ltr'><strong>cuidam</strong></span> <span class='ocrx_word' id='word_1_30' title='bbox 716 970 914 1032; x_wconf 84' lang='lat' dir='ltr'>devotissimi</span> <span class='ocrx_word' id='word_1_31' title='bbox 937 991 1051 1034; x_wconf 91' lang='lat' dir='ltr'><strong>omnes</strong></span> <span class='ocrx_word' id='word_1_32' title='bbox 1075 982 1171 1034; x_wconf 90' lang='lat' dir='ltr'><strong>sunt:</strong></span> <span class='ocrx_word' id='word_1_33' title='bbox 1196 972 1273 1052; x_wconf 93' lang='lat' dir='ltr'><strong>quid</strong></span> <span class='ocrx_word' id='word_1_34' title='bbox 1294 984 1337 1035; x_wconf 89' lang='lat' dir='ltr'><strong>ta-</strong></span> 
     </span>
    </p>

    <p class='ocr_par' dir='ltr' id='par_1_4' title="bbox 313 1067 1337 1250">
     <span class='ocr_line' id='line_1_6' title="bbox 313 1067 1337 1152; baseline 0.005 -23"><span class='ocrx_word' id='word_1_35' title='bbox 313 1088 415 1138; x_wconf 66' lang='lat' dir='ltr'><strong>omen</strong></span> <span class='ocrx_word' id='word_1_36' title='bbox 437 1067 526 1130; x_wconf 91' lang='lat' dir='ltr'><strong>cuive</strong></span> <span class='ocrx_word' id='word_1_37' title='bbox 554 1068 624 1131; x_wconf 92' lang='lat' dir='ltr'><strong>Deo</strong></span> <span class='ocrx_word' id='word_1_38' title='bbox 647 1068 778 1131; x_wconf 87' lang='lat' dir='ltr'><strong>credant</strong></span> <span class='ocrx_word' id='word_1_39' title='bbox 800 1070 924 1132; x_wconf 91' lang='lat' dir='ltr'><strong>nescire</strong></span> <span class='ocrx_word' id='word_1_40' title='bbox 949 1071 1148 1151; x_wconf 89' lang='lat' dir='ltr'><strong>profitentur,</strong></span> <span class='ocrx_word' id='word_1_41' title='bbox 1171 1071 1337 1152; x_wconf 88' lang='lat' dir='ltr'><strong>negligunt</strong></span> 
     </span>
     <span class='ocr_line' id='line_1_7' title="bbox 342 1166 1208 1250; baseline 0.002 -20"><span class='ocrx_word' id='word_1_42' title='bbox 342 1166 528 1246; x_wconf 86' lang='lat' dir='ltr'>disquirere.</span> <span class='ocrx_word' id='word_1_43' title='bbox 573 1166 631 1229; x_wconf 88' lang='lat' dir='ltr'><strong>Sat</strong></span> <span class='ocrx_word' id='word_1_44' title='bbox 646 1168 709 1229; x_wconf 91' lang='lat' dir='ltr'><strong>illis</strong></span> <span class='ocrx_word' id='word_1_45' title='bbox 725 1178 773 1229; x_wconf 91' lang='lat' dir='ltr'><strong>est</strong></span> <span class='ocrx_word' id='word_1_46' title='bbox 789 1168 944 1230; x_wconf 92' lang='lat' dir='ltr'><strong>maiorum</strong></span> <span class='ocrx_word' id='word_1_47' title='bbox 959 1169 1093 1250; x_wconf 90' lang='lat' dir='ltr'><strong>vestigia</strong></span> <span class='ocrx_word' id='word_1_48' title='bbox 1106 1170 1208 1250; x_wconf 89' lang='lat' dir='ltr'><strong>sequi.</strong></span> 
     </span>
    </p>

    <p class='ocr_par' dir='ltr' id='par_1_5' title="bbox 341 1265 1336 1544">
     <span class='ocr_line' id='line_1_8' title="bbox 381 1265 1336 1347; baseline 0.002 -20"><span class='ocrx_word' id='word_1_49' title='bbox 381 1265 517 1345; x_wconf 92' lang='lat' dir='ltr'><strong>Templa</strong></span> <span class='ocrx_word' id='word_1_50' title='bbox 543 1265 669 1345; x_wconf 91' lang='lat' dir='ltr'><strong>quidem</strong></span> <span class='ocrx_word' id='word_1_51' title='bbox 695 1266 815 1329; x_wconf 91' lang='lat' dir='ltr'><strong>habent</strong></span> <span class='ocrx_word' id='word_1_52' title='bbox 839 1267 1033 1329; x_wconf 88' lang='lat' dir='ltr'><strong>cultissima:</strong></span> <span class='ocrx_word' id='word_1_53' title='bbox 1065 1268 1098 1328; x_wconf 95' lang='lat' dir='ltr'><strong>in</strong></span> <span class='ocrx_word' id='word_1_54' title='bbox 1121 1267 1208 1347; x_wconf 87' lang='lat' dir='ltr'><strong>agris</strong></span> <span class='ocrx_word' id='word_1_55' title='bbox 1230 1278 1336 1330; x_wconf 91' lang='lat' dir='ltr'><strong>tamen</strong></span> 
     </span>
     <span class='ocr_line' id='line_1_9' title="bbox 341 1363 1336 1447; baseline 0 -19"><span class='ocrx_word' id='word_1_56' title='bbox 341 1364 440 1428; x_wconf 87' lang='lat' dir='ltr'><strong>cuivis</strong></span> <span class='ocrx_word' id='word_1_57' title='bbox 455 1363 551 1444; x_wconf 90' lang='lat' dir='ltr'><strong>lapidi</strong></span> <span class='ocrx_word' id='word_1_58' title='bbox 565 1383 602 1425; x_wconf 87' lang='lat' dir='ltr'><strong>ac</strong></span> <span class='ocrx_word' id='word_1_59' title='bbox 616 1363 704 1444; x_wconf 93' lang='lat' dir='ltr'><strong>ligno</strong></span> <span class='ocrx_word' id='word_1_60' title='bbox 721 1365 883 1445; x_wconf 88' lang='lat' dir='ltr'><strong>supplices</strong></span> <span class='ocrx_word' id='word_1_61' title='bbox 902 1376 1159 1445; x_wconf 91' lang='lat' dir='ltr'><strong>prosternuntur,</strong></span> <span class='ocrx_word' id='word_1_62' title='bbox 1178 1365 1336 1447; x_wconf 89' lang='lat' dir='ltr'><strong>globulos·</strong></span> 
     </span>
     <span class='ocr_line' id='line_1_10' title="bbox 341 1462 893 1544; baseline 0 -18"><span class='ocrx_word' id='word_1_63' title='bbox 341 1484 404 1544; x_wconf 91' lang='lat' dir='ltr'><strong>que</strong></span> <span class='ocrx_word' id='word_1_64' title='bbox 419 1464 540 1543; x_wconf 90' lang='lat' dir='ltr'><strong>ligneos</strong></span> <span class='ocrx_word' id='word_1_65' title='bbox 555 1473 586 1525; x_wconf 91' lang='lat' dir='ltr'><strong>et</strong></span> <span class='ocrx_word' id='word_1_66' title='bbox 601 1462 749 1525; x_wconf 90' lang='lat' dir='ltr'><strong>sucineos</strong></span> <span class='ocrx_word' id='word_1_67' title='bbox 764 1464 893 1543; x_wconf 87' lang='lat' dir='ltr'><strong>agitant.</strong></span> 
     </span>
    </p>

    <p class='ocr_par' dir='ltr' id='par_1_6' title="bbox 298 1560 1337 1938">
     <span class='ocr_line' id='line_1_11' title="bbox 298 1560 1334 1644; baseline 0.007 -25"><span class='ocrx_word' id='word_1_68' title='bbox 298 1584 328 1620; x_wconf 88' lang='lat'><strong>10</strong></span> <span class='ocrx_word' id='word_1_69' title='bbox 385 1560 458 1624; x_wconf 92' lang='lat' dir='ltr'><strong>Non</strong></span> <span class='ocrx_word' id='word_1_70' title='bbox 486 1571 532 1623; x_wconf 91' lang='lat' dir='ltr'><strong>tot</strong></span> <span class='ocrx_word' id='word_1_71' title='bbox 560 1561 629 1623; x_wconf 89' lang='lat' dir='ltr'><strong>istic</strong></span> <span class='ocrx_word' id='word_1_72' title='bbox 654 1562 757 1643; x_wconf 91' lang='lat' dir='ltr'><strong>capita</strong></span> <span class='ocrx_word' id='word_1_73' title='bbox 788 1575 867 1643; x_wconf 90' lang='lat' dir='ltr'><strong>quot</strong></span> <span class='ocrx_word' id='word_1_74' title='bbox 892 1564 957 1627; x_wconf 92' lang='lat' dir='ltr'><strong>divi</strong></span> <span class='ocrx_word' id='word_1_75' title='bbox 986 1565 1125 1644; x_wconf 78' lang='lat' dir='ltr'><strong>(paucos,</strong></span> <span class='ocrx_word' id='word_1_76' title='bbox 1151 1584 1229 1644; x_wconf 86' lang='lat' dir='ltr'><strong>prae</strong></span> <span class='ocrx_word' id='word_1_77' title='bbox 1256 1563 1334 1641; x_wconf 90' lang='lat' dir='ltr'><strong>istis,</strong></span> 
     </span>
     <span class='ocr_line' id='line_1_12' title="bbox 340 1660 1337 1741; baseline 0 -18"><span class='ocrx_word' id='word_1_78' title='bbox 340 1660 562 1723; x_wconf 84' lang='lat' dir='ltr'><strong>annumeravit</strong></span> <span class='ocrx_word' id='word_1_79' title='bbox 576 1660 682 1722; x_wconf 93' lang='lat' dir='ltr'><strong>Varro</strong></span> <span class='ocrx_word' id='word_1_80' title='bbox 696 1661 858 1723; x_wconf 89' lang='lat' dir='ltr'><strong>veteribus</strong></span> <span class='ocrx_word' id='word_1_81' title='bbox 875 1661 1050 1740; x_wconf 89' lang='lat' dir='ltr'><strong>Romanis),</strong></span> <span class='ocrx_word' id='word_1_82' title='bbox 1067 1662 1121 1741; x_wconf 91' lang='lat' dir='ltr'><strong>qui</strong></span> <span class='ocrx_word' id='word_1_83' title='bbox 1138 1661 1205 1724; x_wconf 88' lang='lat' dir='ltr'><strong>fere</strong></span> <span class='ocrx_word' id='word_1_84' title='bbox 1223 1682 1337 1724; x_wconf 91' lang='lat' dir='ltr'><strong>omnes</strong></span> 
     </span>
     <span class='ocr_line' id='line_1_13' title="bbox 336 1758 1334 1847; baseline 0.001 -27"><span class='ocrx_word' id='word_1_85' title='bbox 336 1759 468 1847; x_wconf 79' lang='lat' dir='ltr'><strong>lapidei,</strong></span> <span class='ocrx_word' id='word_1_86' title='bbox 484 1759 590 1839; x_wconf 91' lang='lat' dir='ltr'><strong>lignei,</strong></span> <span class='ocrx_word' id='word_1_87' title='bbox 606 1759 777 1837; x_wconf 84' lang='lat' dir='ltr'><strong>farinacei;</strong></span> <span class='ocrx_word' id='word_1_88' title='bbox 800 1780 864 1821; x_wconf 94' lang='lat' dir='ltr'><strong>non</strong></span> <span class='ocrx_word' id='word_1_89' title='bbox 883 1760 1000 1822; x_wconf 90' lang='lat' dir='ltr'><strong>desunt</strong></span> <span class='ocrx_word' id='word_1_90' title='bbox 1020 1770 1128 1821; x_wconf 90' lang='lat' dir='ltr'><strong>tamen</strong></span> <span class='ocrx_word' id='word_1_91' title='bbox 1150 1758 1204 1839; x_wconf 91' lang='lat' dir='ltr'><strong>qui</strong></span> <span class='ocrx_word' id='word_1_92' title='bbox 1225 1779 1334 1839; x_wconf 91' lang='lat' dir='ltr'><strong>equos,</strong></span> 
     </span>
     <span class='ocr_line' id='line_1_14' title="bbox 341 1858 942 1938; baseline 0.002 -19"><span class='ocrx_word' id='word_1_93' title='bbox 341 1877 425 1934; x_wconf 79' lang='lat' dir='ltr'><strong>sueS,</strong></span> <span class='ocrx_word' id='word_1_94' title='bbox 442 1877 548 1935; x_wconf 89' lang='lat' dir='ltr'><strong>canes,</strong></span> <span class='ocrx_word' id='word_1_95' title='bbox 563 1858 596 1918; x_wconf 94' lang='lat' dir='ltr'><strong>in</strong></span> <span class='ocrx_word' id='word_1_96' title='bbox 610 1858 671 1919; x_wconf 92' lang='lat' dir='ltr'><strong>hoc</strong></span> <span class='ocrx_word' id='word_1_97' title='bbox 686 1858 760 1920; x_wconf 89' lang='lat' dir='ltr'><strong>albo</strong></span> <span class='ocrx_word' id='word_1_98' title='bbox 775 1868 942 1938; x_wconf 87' lang='lat' dir='ltr'><strong>reponant.</strong></span> 
     </span>
    </p>

    <p class='ocr_par' dir='ltr' id='par_1_7' title="bbox 382 1956 1337 2037">
     <span class='ocr_line' id='line_1_15' title="bbox 382 1956 1337 2037; baseline 0.003 -20"><span class='ocrx_word' id='word_1_99' title='bbox 382 1956 478 2031; x_wconf 87' lang='lat' dir='ltr'><strong>Quod</strong></span> <span class='ocrx_word' id='word_1_100' title='bbox 493 1957 533 2018; x_wconf 88' lang='lat' dir='ltr'><strong>ab</strong></span> <span class='ocrx_word' id='word_1_101' title='bbox 547 1956 715 2037; x_wconf 88' lang='lat' dir='ltr'><strong>Aegyptiis</strong></span> <span class='ocrx_word' id='word_1_102' title='bbox 726 1956 802 2018; x_wconf 93' lang='lat' dir='ltr'><strong>olim</strong></span> <span class='ocrx_word' id='word_1_103' title='bbox 817 1957 989 2019; x_wconf 88' lang='lat' dir='ltr'><strong>factitatum</strong></span> <span class='ocrx_word' id='word_1_104' title='bbox 1000 1957 1143 2037; x_wconf 89' lang='lat' dir='ltr'><strong>legimus,</strong></span> <span class='ocrx_word' id='word_1_105' title='bbox 1155 1956 1206 2019; x_wconf 90' lang='lat' dir='ltr'><strong>hic</strong></span> <span class='ocrx_word' id='word_1_106' title='bbox 1218 1957 1337 2037; x_wconf 90' lang='lat' dir='ltr'><strong>ubique</strong></span> 
     </span>
    </p>

    <p class='ocr_par' dir='ltr' id='par_1_8' title="bbox 298 2054 1337 2334">
     <span class='ocr_line' id='line_1_16' title="bbox 298 2054 1337 2135; baseline 0.002 -19"><span class='ocrx_word' id='word_1_107' title='bbox 298 2080 328 2128; x_wconf 85' lang='lat'><strong>¹5</strong></span> <span class='ocrx_word' id='word_1_108' title='bbox 342 2054 565 2135; x_wconf 76' lang='lat' dir='ltr'><strong>comperimuS,</strong></span> <span class='ocrx_word' id='word_1_109' title='bbox 580 2054 786 2135; x_wconf 89' lang='lat' dir='ltr'><strong>superstitum</strong></span> <span class='ocrx_word' id='word_1_110' title='bbox 803 2056 901 2118; x_wconf 90' lang='lat' dir='ltr'><strong>aedes</strong></span> <span class='ocrx_word' id='word_1_111' title='bbox 919 2054 1047 2135; x_wconf 81' lang='lat' dir='ltr'><strong>negligi,</strong></span> <span class='ocrx_word' id='word_1_112' title='bbox 1063 2055 1227 2117; x_wconf 88' lang='lat' dir='ltr'><strong>honestari</strong></span> <span class='ocrx_word' id='word_1_113' title='bbox 1242 2055 1337 2119; x_wconf 87' lang='lat' dir='ltr'><strong>funus</strong></span> 
     </span>
     <span class='ocr_line' id='line_1_17' title="bbox 343 2152 1336 2234; baseline 0.002 -19"><span class='ocrx_word' id='word_1_114' title='bbox 343 2174 379 2215; x_wconf 87' lang='lat' dir='ltr'><strong>ac</strong></span> <span class='ocrx_word' id='word_1_115' title='bbox 391 2164 596 2217; x_wconf 90' lang='lat' dir='ltr'><strong>monumenta</strong></span> <span class='ocrx_word' id='word_1_116' title='bbox 604 2164 812 2215; x_wconf 89' lang='lat' dir='ltr'><strong>mortuorum.</strong></span> <span class='ocrx_word' id='word_1_117' title='bbox 857 2152 1014 2215; x_wconf 91' lang='lat' dir='ltr'><strong>Novimus</strong></span> <span class='ocrx_word' id='word_1_118' title='bbox 1029 2153 1228 2234; x_wconf 86' lang='lat' dir='ltr'><strong>octingentas</strong></span> <span class='ocrx_word' id='word_1_119' title='bbox 1239 2154 1336 2217; x_wconf 88' lang='lat' dir='ltr'><strong>libras</strong></span> 
     </span>
     <span class='ocr_line' id='line_1_18' title="bbox 343 2252 948 2334; baseline 0.002 -19"><span class='ocrx_word' id='word_1_120' title='bbox 343 2252 397 2315; x_wconf 91' lang='lat' dir='ltr'><strong>uni</strong></span> <span class='ocrx_word' id='word_1_121' title='bbox 413 2273 476 2316; x_wconf 93' lang='lat' dir='ltr'><strong>non</strong></span> <span class='ocrx_word' id='word_1_122' title='bbox 492 2253 629 2316; x_wconf 86' lang='lat' dir='ltr'><strong>maximo</strong></span> <span class='ocrx_word' id='word_1_123' title='bbox 644 2252 748 2315; x_wconf 87' lang='lat' dir='ltr'><strong>luneri</strong></span> <span class='ocrx_word' id='word_1_124' title='bbox 763 2252 948 2334; x_wconf 82' lang='lat' dir='ltr'><strong>insumptas</strong></span> 
     </span>
    </p>

    <p class='ocr_par' dir='ltr' id='par_1_9' title="bbox 344 2351 1337 2530">
     <span class='ocr_line' id='line_1_19' title="bbox 384 2351 1337 2434; baseline 0.001 -22"><span class='ocrx_word' id='word_1_125' title='bbox 384 2351 449 2414; x_wconf 90' lang='lat' dir='ltr'><strong>Hic</strong></span> <span class='ocrx_word' id='word_1_126' title='bbox 464 2374 524 2434; x_wconf 88' lang='lat' dir='ltr'><strong>ego</strong></span> <span class='ocrx_word' id='word_1_127' title='bbox 534 2373 585 2414; x_wconf 92' lang='lat' dir='ltr'><strong>me</strong></span> <span class='ocrx_word' id='word_1_128' title='bbox 596 2353 756 2432; x_wconf 90' lang='lat' dir='ltr'><strong>sepultum</strong></span> <span class='ocrx_word' id='word_1_129' title='bbox 766 2353 859 2414; x_wconf 86' lang='lat' dir='ltr'><strong>volo:</strong></span> <span class='ocrx_word' id='word_1_130' title='bbox 880 2361 1244 2432; x_wconf 87' lang='lat' dir='ltr'><strong>caveoquetestamento</strong></span> <span class='ocrx_word' id='word_1_131' title='bbox 1256 2352 1337 2413; x_wconf 93' lang='lat' dir='ltr'><strong>istuc</strong></span> 
     </span>
     <span class='ocr_line' id='line_1_20' title="bbox 344 2450 1335 2530; baseline 0 -18"><span class='ocrx_word' id='word_1_132' title='bbox 344 2450 483 2514; x_wconf 89' lang='lat' dir='ltr'><strong>delatum</strong></span> <span class='ocrx_word' id='word_1_133' title='bbox 498 2462 610 2513; x_wconf 91' lang='lat' dir='ltr'><strong>curent</strong></span> <span class='ocrx_word' id='word_1_134' title='bbox 619 2450 756 2512; x_wconf 89' lang='lat' dir='ltr'><strong>heredes</strong></span> <span class='ocrx_word' id='word_1_135' title='bbox 765 2475 774 2528; x_wconf 84' lang='lat'>;</span> <span class='ocrx_word' id='word_1_136' title='bbox 797 2451 994 2530; x_wconf 89' lang='lat' dir='ltr'><strong>comitesque</strong></span> <span class='ocrx_word' id='word_1_137' title='bbox 1003 2450 1080 2512; x_wconf 92' lang='lat' dir='ltr'><strong>mihi</strong></span> <span class='ocrx_word' id='word_1_138' title='bbox 1091 2451 1222 2530; x_wconf 89' lang='lat' dir='ltr'><strong>adiungi</strong></span> <span class='ocrx_word' id='word_1_139' title='bbox 1233 2451 1335 2530; x_wconf 90' lang='lat' dir='ltr'><strong>cupio,</strong></span> 
     </span>
    </p>

    <p class='ocr_par' dir='ltr' id='par_1_10' title="bbox 299 2549 1398 2728">
     <span class='ocr_line' id='line_1_21' title="bbox 299 2549 1337 2630; baseline -0.001 -19"><span class='ocrx_word' id='word_1_140' title='bbox 299 2575 332 2611; x_wconf 64' lang='grc' dir='ltr'><strong>πο</strong></span> <span class='ocrx_word' id='word_1_141' title='bbox 345 2560 498 2630; x_wconf 89' lang='lat' dir='ltr'><strong>quotquot</strong></span> <span class='ocrx_word' id='word_1_142' title='bbox 518 2549 806 2630; x_wconf 87' lang='lat' dir='ltr'><strong>peregrinationem</strong></span> <span class='ocrx_word' id='word_1_143' title='bbox 827 2550 909 2610; x_wconf 91' lang='lat' dir='ltr'><strong>hanc</strong></span> <span class='ocrx_word' id='word_1_144' title='bbox 927 2568 1029 2610; x_wconf 92' lang='lat' dir='ltr'><strong>meam</strong></span> <span class='ocrx_word' id='word_1_145' title='bbox 1050 2550 1101 2611; x_wconf 94' lang='lat' dir='ltr'><strong>vel</strong></span> <span class='ocrx_word' id='word_1_146' title='bbox 1118 2550 1269 2610; x_wconf 90' lang='lat' dir='ltr'><strong>damnant</strong></span> <span class='ocrx_word' id='word_1_147' title='bbox 1286 2550 1337 2610; x_wconf 89' lang='lat' dir='ltr'><strong>vel</strong></span> 
     </span>
     <span class='ocr_line' id='line_1_22' title="bbox 344 2647 1398 2728; baseline -0.001 -18"><span class='ocrx_word' id='word_1_148' title='bbox 344 2649 417 2728; x_wconf 90' lang='lat' dir='ltr'><strong>plus</strong></span> <span class='ocrx_word' id='word_1_149' title='bbox 440 2669 543 2728; x_wconf 91' lang='lat' dir='ltr'><strong>aequo</strong></span> <span class='ocrx_word' id='word_1_150' title='bbox 565 2647 720 2710; x_wconf 91' lang='lat' dir='ltr'><strong>mirantur</strong></span> <span class='ocrx_word' id='word_1_151' title='bbox 745 2648 796 2709; x_wconf 88' lang='lat' dir='ltr'><strong>vel</strong></span> <span class='ocrx_word' id='word_1_152' title='bbox 821 2647 882 2708; x_wconf 88' lang='lat' dir='ltr'><strong>sibi</strong></span> <span class='ocrx_word' id='word_1_153' title='bbox 905 2647 1039 2726; x_wconf 91' lang='lat' dir='ltr'><strong>posthac</strong></span> <span class='ocrx_word' id='word_1_154' title='bbox 1062 2647 1244 2709; x_wconf 90' lang='lat' dir='ltr'><strong>imitandam</strong></span> <span class='ocrx_word' id='word_1_155' title='bbox 1268 2667 1336 2726; x_wconf 91' lang='lat' dir='ltr'><strong>pro·</strong></span> <span class='ocrx_word' id='word_1_156' title='bbox 1396 2718 1398 2723; x_wconf 44' lang='grc'>,</span> 
     </span>
    </p>

    <p class='ocr_par' dir='ltr' id='par_1_11' title="bbox 257 2747 1100 2833">
     <span class='ocr_line' id='line_1_23' title="bbox 257 2747 1100 2833; baseline -0.004 -23"><span class='ocrx_word' id='word_1_157' title='bbox 257 2761 259 2767; x_wconf 90' lang='grc'><em>·</em></span> <span class='ocrx_word' id='word_1_158' title='bbox 343 2747 516 2828; x_wconf 91' lang='lat' dir='ltr'><strong>posuerint.</strong></span> <span class='ocrx_word' id='word_1_159' title='bbox 1093 2815 1100 2833; x_wconf 49' lang='grc'>,</span> 
     </span>
    </p>

    <p class='ocr_par' dir='ltr' id='par_1_12' title="bbox 271 2844 1338 3025">
     <span class='ocr_line' id='line_1_24' title="bbox 271 2844 1335 2929; baseline -0.002 -23"><span class='ocrx_word' id='word_1_160' title='bbox 271 2887 274 2894; x_wconf 85' lang='lat'>·</span> <span class='ocrx_word' id='word_1_161' title='bbox 386 2844 470 2906; x_wconf 90' lang='lat' dir='ltr'><strong>Nam</strong></span> <span class='ocrx_word' id='word_1_162' title='bbox 499 2856 626 2929; x_wconf 90' lang='lat' dir='ltr'><strong>praeter</strong></span> <span class='ocrx_word' id='word_1_163' title='bbox 655 2846 773 2921; x_wconf 90' lang='lat' dir='ltr'><strong>taedas,</strong></span> <span class='ocrx_word' id='word_1_164' title='bbox 805 2845 1042 2907; x_wconf 86' lang='lat' dir='ltr'><strong>incensationes</strong></span> <span class='ocrx_word' id='word_1_165' title='bbox 1073 2865 1131 2925; x_wconf 91' lang='lat' dir='ltr'><strong>per</strong></span> <span class='ocrx_word' id='word_1_166' title='bbox 1162 2845 1335 2921; x_wconf 86' lang='lat' dir='ltr'><strong>circuitum,</strong></span> 
     </span>
     <span class='ocr_line' id='line_1_25' title="bbox 345 2943 1338 3025; baseline -0.001 -18"><span class='ocrx_word' id='word_1_167' title='bbox 345 2947 462 3022; x_wconf 91' lang='lat' dir='ltr'><strong>oscula,</strong></span> <span class='ocrx_word' id='word_1_168' title='bbox 479 2944 737 3025; x_wconf 89' lang='lat' dir='ltr'><strong>campanularum</strong></span> <span class='ocrx_word' id='word_1_169' title='bbox 751 2964 878 3021; x_wconf 87' lang='lat' dir='ltr'><strong>sonum,</strong></span> <span class='ocrx_word' id='word_1_170' title='bbox 892 2944 1103 3025; x_wconf 88' lang='lat' dir='ltr'><strong>aspersiones,</strong></span> <span class='ocrx_word' id='word_1_171' title='bbox 1117 2963 1199 3024; x_wconf 90' lang='lat' dir='ltr'><strong>quae</strong></span> <span class='ocrx_word' id='word_1_172' title='bbox 1213 2943 1338 3006; x_wconf 88' lang='lat' dir='ltr'><strong>animae</strong></span> 
     </span>
    </p>

    <p class='ocr_par' dir='ltr' id='par_1_13' title="bbox 301 3043 1338 3321">
     <span class='ocr_line' id='line_1_26' title="bbox 301 3043 1334 3126; baseline -0.003 -20"><span class='ocrx_word' id='word_1_173' title='bbox 301 3062 332 3112; x_wconf 78' lang='lat'><strong>25</strong></span> <span class='ocrx_word' id='word_1_174' title='bbox 346 3045 469 3126; x_wconf 91' lang='lat' dir='ltr'><strong>pridem</strong></span> <span class='ocrx_word' id='word_1_175' title='bbox 499 3052 721 3105; x_wconf 89' lang='lat' dir='ltr'><strong>exauctoratae</strong></span> <span class='ocrx_word' id='word_1_176' title='bbox 754 3064 820 3104; x_wconf 95' lang='lat' dir='ltr'><strong>non</strong></span> <span class='ocrx_word' id='word_1_177' title='bbox 849 3062 961 3123; x_wconf 91' lang='lat' dir='ltr'><strong>parum</strong></span> <span class='ocrx_word' id='word_1_178' title='bbox 994 3043 1151 3124; x_wconf 88' lang='lat' dir='ltr'><strong>prodesse</strong></span> <span class='ocrx_word' id='word_1_179' title='bbox 1178 3052 1334 3122; x_wconf 87' lang='lat' dir='ltr'><strong>putantur,</strong></span> 
     </span>
     <span class='ocr_line' id='line_1_27' title="bbox 345 3139 1338 3227; baseline -0.007 -19"><span class='ocrx_word' id='word_1_180' title='bbox 345 3142 569 3227; x_wconf 88' lang='lat' dir='ltr'><strong>paralrenariis</strong></span> <span class='ocrx_word' id='word_1_181' title='bbox 599 3142 725 3204; x_wconf 89' lang='lat' dir='ltr'><strong>duobus</strong></span> <span class='ocrx_word' id='word_1_182' title='bbox 757 3141 836 3203; x_wconf 92' lang='lat' dir='ltr'><strong>illud</strong></span> <span class='ocrx_word' id='word_1_183' title='bbox 862 3162 902 3203; x_wconf 84' lang='lat' dir='ltr'><strong>ex</strong></span> <span class='ocrx_word' id='word_1_184' title='bbox 931 3141 1013 3222; x_wconf 90' lang='lat' dir='ltr'><strong>lege·</strong></span> <span class='ocrx_word' id='word_1_185' title='bbox 1033 3140 1095 3204; x_wconf 92' lang='lat' dir='ltr'><strong>loci</strong></span> <span class='ocrx_word' id='word_1_186' title='bbox 1124 3139 1276 3202; x_wconf 92' lang='lat' dir='ltr'><strong>incumbit</strong></span> <span class='ocrx_word' id='word_1_187' title='bbox 1303 3151 1338 3201; x_wconf 92' lang='lat' dir='ltr'><strong>ut</strong></span> 
     </span>
     <span class='ocr_line' id='line_1_28' title="bbox 345 3239 1338 3321; baseline -0.007 -14"><span class='ocrx_word' id='word_1_188' title='bbox 345 3245 471 3307; x_wconf 89' lang='lat' dir='ltr'><strong>duobus</strong></span> <span class='ocrx_word' id='word_1_189' title='bbox 499 3241 635 3305; x_wconf 87' lang='lat' dir='ltr'><strong>flabellis</strong></span> <span class='ocrx_word' id='word_1_190' title='bbox 668 3261 709 3302; x_wconf 88' lang='lat' dir='ltr'><strong>ex</strong></span> <span class='ocrx_word' id='word_1_191' title='bbox 741 3240 844 3303; x_wconf 86' lang='lat' dir='ltr'><strong>serico</strong></span> <span class='ocrx_word' id='word_1_192' title='bbox 878 3240 979 3321; x_wconf 91' lang='lat' dir='ltr'><strong>nigr0,</strong></span> <span class='ocrx_word' id='word_1_193' title='bbox 1015 3239 1195 3321; x_wconf 90' lang='lat' dir='ltr'><strong>insignibus</strong></span> <span class='ocrx_word' id='word_1_194' title='bbox 1222 3239 1338 3301; x_wconf 89' lang='lat' dir='ltr'><strong>mortui</strong></span> 
     </span>
    </p>

    <p class='ocr_par' dir='ltr' id='par_1_14' title="bbox 271 3337 1339 3521">
     <span class='ocr_line' id='line_1_29' title="bbox 271 3337 1338 3424; baseline -0.008 -16"><span class='ocrx_word' id='word_1_195' title='bbox 271 3415 273 3420; x_wconf 68' lang='lat'><strong>,</strong></span> <span class='ocrx_word' id='word_1_196' title='bbox 345 3344 478 3424; x_wconf 91' lang='lat' dir='ltr'><strong>depicto,</strong></span> <span class='ocrx_word' id='word_1_197' title='bbox 505 3361 632 3404; x_wconf 88' lang='lat' dir='ltr'><strong>muscas</strong></span> <span class='ocrx_word' id='word_1_198' title='bbox 657 3360 676 3402; x_wconf 91' lang='lat' dir='ltr'><strong>a</strong></span> <span class='ocrx_word' id='word_1_199' title='bbox 698 3340 853 3403; x_wconf 88' lang='lat' dir='ltr'><strong>cadavere</strong></span> <span class='ocrx_word' id='word_1_200' title='bbox 882 3350 1009 3402; x_wconf 88' lang='lat' dir='ltr'><strong>arceant</strong></span> <span class='ocrx_word' id='word_1_201' title='bbox 1020 3361 1030 3417; x_wconf 80' lang='lat'><em>3</em></span> <span class='ocrx_word' id='word_1_202' title='bbox 1061 3337 1185 3400; x_wconf 91' lang='lat' dir='ltr'><strong>etiarnsi</strong></span> <span class='ocrx_word' id='word_1_203' title='bbox 1212 3347 1338 3418; x_wconf 91' lang='lat' dir='ltr'><strong>tempus</strong></span> 
     </span>
     <span class='ocr_line' id='line_1_30' title="bbox 346 3436 1339 3521; baseline -0.008 -17"><span class='ocrx_word' id='word_1_204' title='bbox 346 3442 482 3506; x_wconf 89' lang='lat' dir='ltr'><strong>hiemale</strong></span> <span class='ocrx_word' id='word_1_205' title='bbox 507 3440 557 3518; x_wconf 91' lang='lat' dir='ltr'><strong>sit,</strong></span> <span class='ocrx_word' id='word_1_206' title='bbox 580 3439 709 3521; x_wconf 92' lang='lat' dir='ltr'><strong>quando</strong></span> <span class='ocrx_word' id='word_1_207' title='bbox 732 3459 861 3503; x_wconf 88' lang='lat' dir='ltr'><strong>muscae</strong></span> <span class='ocrx_word' id='word_1_208' title='bbox 888 3459 999 3500; x_wconf 91' lang='lat' dir='ltr'><strong>omnes</strong></span> <span class='ocrx_word' id='word_1_209' title='bbox 1024 3457 1088 3500; x_wconf 94' lang='lat' dir='ltr'><strong>non</strong></span> <span class='ocrx_word' id='word_1_210' title='bbox 1111 3436 1217 3498; x_wconf 91' lang='lat' dir='ltr'><strong>minus</strong></span> <span class='ocrx_word' id='word_1_211' title='bbox 1243 3456 1339 3516; x_wconf 90' lang='lat' dir='ltr'><strong>quam</strong></span> 
     </span>
    </p>

    <p class='ocr_par' dir='ltr' id='par_1_15' title="bbox 303 3538 765 3618">
     <span class='ocr_line' id='line_1_31' title="bbox 303 3538 765 3618; baseline -0.002 -17"><span class='ocrx_word' id='word_1_212' title='bbox 303 3564 336 3618; x_wconf 75' lang='lat'><strong>30</strong></span> <span class='ocrx_word' id='word_1_213' title='bbox 346 3543 483 3604; x_wconf 90' lang='lat' dir='ltr'><strong>cadaver</strong></span> <span class='ocrx_word' id='word_1_214' title='bbox 496 3549 639 3602; x_wconf 90' lang='lat' dir='ltr'><strong>mortuae</strong></span> <span class='ocrx_word' id='word_1_215' title='bbox 654 3538 765 3600; x_wconf 88' lang='lat' dir='ltr'><strong>iacent.</strong></span> 
     </span>
    </p>

    <p class='ocr_par' dir='ltr' id='par_1_16' title="bbox 347 3633 1340 3919">
     <span class='ocr_line' id='line_1_32' title="bbox 389 3633 1340 3720; baseline -0.006 -18"><span class='ocrx_word' id='word_1_216' title='bbox 389 3639 464 3718; x_wconf 89' lang='lat' dir='ltr'><strong>Sed,</strong></span> <span class='ocrx_word' id='word_1_217' title='bbox 486 3638 572 3720; x_wconf 91' lang='lat' dir='ltr'><strong>quod</strong></span> <span class='ocrx_word' id='word_1_218' title='bbox 602 3636 674 3718; x_wconf 92' lang='lat' dir='ltr'><strong>quis</strong></span> <span class='ocrx_word' id='word_1_219' title='bbox 702 3637 804 3716; x_wconf 90' lang='lat' dir='ltr'><strong>magis</strong></span> <span class='ocrx_word' id='word_1_220' title='bbox 832 3646 965 3717; x_wconf 89' lang='lat' dir='ltr'><strong>stupeat,</strong></span> <span class='ocrx_word' id='word_1_221' title='bbox 993 3635 1025 3696; x_wconf 95' lang='lat' dir='ltr'><strong>in</strong></span> <span class='ocrx_word' id='word_1_222' title='bbox 1054 3634 1144 3697; x_wconf 90' lang='lat' dir='ltr'><strong>Urbe</strong></span> <span class='ocrx_word' id='word_1_223' title='bbox 1174 3633 1340 3696; x_wconf 90' lang='lat' dir='ltr'><strong>Maravilla</strong></span> 
     </span>
     <span class='ocr_line' id='line_1_33' title="bbox 347 3733 1338 3819; baseline -0.01 -16"><span class='ocrx_word' id='word_1_224' title='bbox 347 3751 465 3804; x_wconf 89' lang='lat' dir='ltr'><strong>certum</strong></span> <span class='ocrx_word' id='word_1_225' title='bbox 498 3748 547 3801; x_wconf 91' lang='lat' dir='ltr'><strong>est</strong></span> <span class='ocrx_word' id='word_1_226' title='bbox 578 3736 701 3819; x_wconf 89' lang='lat' dir='ltr'><strong>lapides</strong></span> <span class='ocrx_word' id='word_1_227' title='bbox 735 3735 853 3812; x_wconf 90' lang='lat' dir='ltr'><strong>audire,</strong></span> <span class='ocrx_word' id='word_1_228' title='bbox 884 3734 1052 3812; x_wconf 90' lang='lat' dir='ltr'><strong>lacrimari,</strong></span> <span class='ocrx_word' id='word_1_229' title='bbox 1080 3733 1195 3808; x_wconf 91' lang='lat' dir='ltr'><strong>ridere,</strong></span> <span class='ocrx_word' id='word_1_230' title='bbox 1224 3735 1338 3814; x_wconf 88' lang='lat' dir='ltr'><strong>pedem</strong></span> 
     </span>
     <span class='ocr_line' id='line_1_34' title="bbox 347 3832 1338 3919; baseline -0.01 -18"><span class='ocrx_word' id='word_1_231' title='bbox 347 3838 509 3919; x_wconf 89' lang='lat' dir='ltr'><strong>porrigere</strong></span> <span class='ocrx_word' id='word_1_232' title='bbox 545 3856 582 3897; x_wconf 90' lang='lat' dir='ltr'><strong>ac</strong></span> <span class='ocrx_word' id='word_1_233' title='bbox 622 3835 792 3910; x_wconf 90' lang='lat' dir='ltr'><strong>retrahere,</strong></span> <span class='ocrx_word' id='word_1_234' title='bbox 828 3854 943 3897; x_wconf 88' lang='lat' dir='ltr'><strong>sanare</strong></span> <span class='ocrx_word' id='word_1_235' title='bbox 977 3834 1115 3909; x_wconf 93' lang='lat' dir='ltr'><strong>morbos,</strong></span> <span class='ocrx_word' id='word_1_236' title='bbox 1151 3832 1338 3912; x_wconf 89' lang='lat' dir='ltr'><strong>sanguinem</strong></span> 
     </span>
    </p>
   </div>
   <div class='ocr_carea' id='block_1_3' title="bbox 0 0 1580 4575">
    <p class='ocr_par' dir='ltr' id='par_1_17' title="bbox 0 0 1580 4575">
     <span class='ocr_line' id='line_1_35' title="bbox 0 0 1580 4575; baseline 0 0"><span class='ocrx_word' id='word_1_237' title='bbox 0 0 1580 4575; x_wconf 95' lang='lat' dir='ltr'><strong> </strong></span> 
     </span>
    </p>
   </div>
  </div>
 </body>
</html>
