3142 4575
353 492 394 577 26
538 514 739 579 nunnus
768 515 923 580 acran
953 516 1011 579 rr
1041 517 1156 581 narn
1242 518 1347 601 nm

356 668 532 733 instructus
561 672 601 732 ad
626 670 833 751 praetorium,
857 670 910 733 ubi
936 672 1080 734 convivia
1104 673 1208 735 solent
1237 673 1348 753 agitari

356 772 415 829 sub
430 780 562 845 noctem,
581 789 729 831 unacum
745 770 811 831 fido
825 771 916 848 duce,
933 770 1126 833 me‘contuli.

397 867 571 929 Confluunt
599 867 875 948 discumbuntque,
903 870 1017 930 eodem
1046 870 1140 949 plane
1168 889 1257 944 more
1285 889 1348 947 quo

359 966 608 1045 Pamphagones
630 966 731 1045 prins
760 966 823 1027 nisi
851 966 937 1046 quod
967 966 1037 1027 istic
1062 968 1133 1047 plus
1162 966 1347 1046 poculorum

329 1064 531 1139 50bservavi‚
562 1065 750 1126 ferculorum
784 1066 898 1128 minus.
952 1064 1041 1127 Vase
1069 1065 1185 1145 duplici
1214 1065 1349 1145 stipatur

357 1162 490 1243 quisque
505 1183 545 1224 ex
561 1173 695 1243 utroque
711 1164 820 1225 latere.

402 1260 497 1323 Initio
530 1261 659 1341 quidem
694 1262 793 1322 libant
827 1261 964 1338 Baccho,
993 1262 1152 1323 communi
1180 1263 1253 1338 de0,
1282 1280 1347 1322 non

358 1358 415 1421 illo
435 1380 523 1421 more
545 1374 609 1439 quo
634 1359 772 1420 Romani
795 1360 882 1435 olim,
904 1360 999 1439 paulo
1022 1360 1087 1420 vini
1108 1359 1225 1421 diffuso
1250 1358 1346 1434 humi,

356 1460 412 1519 sed
436 1458 529 1537 longe
549 1458 758 1537 religiosiore
803 1458 897 1519 quta
911 1478 1067 1519 summum
1084 1478 1214 1519 mensae
1231 1457 1347 1519 Bacchi

312 1582 344 1625 10
357 1558 628 1637 statua'erigitur,'
652 1556 791 1617 tenentis
814 1558 926 1617 dextra
950 1556 1078 1635 quidem
1101 1557 1262 1637 ingentem
1282 1575 1347 1617 cra·

356 1666 464 1730 teram,
482 1656 565 1730 dum,
587 1676 664 1735 prae
687 1654 783 1715 nimio
806 1655 956 1733 pondere,
978 1654 1062 1733 quod
1084 1652 1240 1733 Virgilius
1261 1653 1345 1729 olim,

357 1753 459 1813 fessae
474 1752 621 1813 subvenit
637 1753 726 1814 laeva
741 1753 854 1813 sorori.
894 1750 979 1811 Huic
994 1752 1153 1827 sacerdos,
1170 1751 1346 1831 supplicum

356 1848 559 1911 convivarum
589 1850 725 1925 nomine,
756 1852 869 1912 cadum
899 1850 965 1911 vini
994 1853 1111 1931 (neque
1132 1850 1217 1911 enim
1242 1849 1348 1910 minus

358 1948 451 2027 capit)
473 1949 587 2028 iugiter
609 1948 753 2009 infundit.
800 1948 891 2010 Haec
906 1959 1010 2009 autem
1027 1948 1089 2009 illis
1103 1947 1273 2027 clepsydra
1288 1957 1345 2021 est,

314 2070 344 2122 15
357 2047 552 2108 moderando
567 2047 731 2108 convivio:
755 2058 924 2127 postquam
947 2046 1032 2107 enim
1055 2046 1083 2107 is
1100 2066 1232 2125 egerere
1247 2046 1349 2106 desie-

358 2144 405 2220 rit,
423 2144 492 2207 istis
507 2144 652 2225 ingerere
667 2145 780 2225 religio
796 2156 854 2207 est.

356 2262 360 2270 ·’
399 2243 482 2306 Dein
517 2244 708 2306 salsamenta
742 2264 807 2306 non
841 2244 936 2305 unius
971 2242 1099 2323 generis
1136 2252 1347 2323 apponuntur,

356 2343 519 2420 placentae
541 2343 660 2419 salitae,
678 2343 828 2419 aleculae,
845 2353 876 2403 et
895 2342 1016 2402 salibus
1038 2361 1154 2403 exesae
1175 2341 1346 2416 chalcideS,

357 2461 474 2519 pernae
502 2441 670 2520 plusquam
693 2440 903 2520 Westphalae
929 2440 1053 2501 radices
1078 2441 1271 2501 carduorum
1297 2439 1348 2500 sil·

313 2563 346 2600 20
357 2539 518 2616 vestrium,
535 2539 708 2600 anchoviae
723 2539 773 2600 siti
789 2538 1003 2617 proritandae.

398 2637 481 2698 Tum
510 2637 615 2700 statim
643 2638 738 2716 plena
763 2638 990 2700 circumvolant
1017 2639 1139 2718 pocula,
1170 2649 1348 2718 sonantque

357 2757 466 2813 vacua,
491 2746 524 2796 ut
549 2735 602 2796 vix
631 2737 758 2796 demum
788 2745 946 2797 statueres
971 2736 1140 2815 impletane
1170 2735 1286 2797 fuerint
1314 2745 1348 2797 ut

357 2843 588 2896 evacuarentur
603 2833 694 2908 illico,
712 2853 753 2894 an
769 2834 925 2894 exhausta
939 2843 974 2894 ut
988 2834 1205 2912 implerentur.

402 2932 643 2994 Praebibiturus
668 2931 761 2993 alteri
790 2932 914 2993 solenni
943 2932 1144 2995 cantiuncula
1168 2933 1257 2993 illurn
1278 2952 1347 3012 pro·

315 3041 468 3108 25vocat;
505 3031 587 3106 dein,
619 3031 741 3092 dextris
770 3030 887 3090 arctius
915 3030 1088 3092 coniunctis
1121 3026 1349 3110 concussisque

359 3129 587 3204 vehementius,
618 3129 798 3207 poculoque
826 3128 874 3188 ori
909 3129 978 3189 eius
1014 3128 1079 3190 fere
1115 3129 1251 3202 admoto,
1281 3148 1349 3189 rem

358 3227 560 3308 aggreditur:
583 3237 614 3288 et
630 3238 702 3306 post
716 3228 831 3287 multas
846 3227 1119 3306 interspirationes
1135 3226 1349 3305 remissosque

359 3326 488 3406 spiritus
509 3336 540 3387 et
562 3325 695 3386 blandas
717 3326 1001 3387 sermocinationes
1023 3345 1134 3386 ansam
1156 3325 1261 3404 poculi
1284 3345 1348 3386 non

360 3425 477 3488 deserit
486 3425 588 3485 donec
599 3433 696 3484 totum
709 3424 853 3503 epotarit.
888 3425 959 3485 Pari
969 3425 1065 3485 modo
1075 3424 1250 3503 respondet
1259 3424 1347 3484 alter.

310 3540 347 3588 -30
403 3523 518 3584 Mensa
539 3523 679 3584 secunda
699 3521 827 3583 ferculis
844 3542 908 3583 non
930 3522 973 3584 ita
994 3523 1116 3602 magnis
1138 3522 1189 3583 vel
1209 3521 1350 3601 opiparis

360 3622 531 3695 instruitur,
568 3641 661 3700 quam
695 3621 789 3682 etiam
829 3641 910 3682 nova
946 3620 1076 3700 potione
1111 3632 1350 3700 contemperare

360 3722 472 3782 solent.

404 3820 538 3881 Demum
554 3829 585 3879 et
603 3817 694 3879 tertia
709 3817 871 3880 rarissimo
888 3818 1032 3878 fruticum
1049 3827 1200 3898 apparatu
1217 3819 1349 3897 pulchre
