3142 4575
343 548 383 611 5²
529 527 729 591 MUNDUS
758 528 914 593 ALTER
945 528 1004 591 ET
1034 527 1150 591 IDEM
1205 527 1281 610 [ua.
1298 548 1335 589 111

344 812 424 875 Car.
450 811 495 874 ll.
539 809 723 873 Mononma
745 828 880 885 PARTES,
905 808 1093 883 Monasoua
1115 828 1190 872 rori
1210 829 1337 873 roruto

740 927 921 971 communes
936 965 940 971 .

360 1086 587 1154 numm
620 1082 747 1163 quidem
783 1092 832 1144 est
872 1081 1021 1145 Moronia
1059 1091 1091 1144 et
1123 1081 1334 1146 multiionnis.

345 1184 428 1248 Nam
457 1184 497 1247 ad
527 1180 683 1245 orientem
704 1179 847 1243 Variana
868 1179 1073 1245 velMobilis
1101 1180 1250 1245 Moronia
1276 1180 1339 1243 sita

342 1293 398 1358 est,
440 1281 499 1343 sub
538 1280 608 1362 ipso
647 1278 722 1358 polo
756 1278 890 1357 Aspera,
927 1278 968 1342 ad
1009 1289 1151 1343 austrum
1188 1278 1337 1341 Moronia

295 1447 297 1452 ,
344 1380 443 1456 Felix,
474 1379 558 1440 inter
585 1386 752 1456 utramque
781 1376 895 1453 Fatua,
927 1375 984 1439 Pia
1015 1376 1154 1457 denique
1187 1378 1228 1440 ad
1258 1376 1338 1439 occi-

314 1477 482 1540 5dentem.

274 1631 282 1647 ,
383 1574 527 1654 Corpore
543 1583 617 1636 sunt
632 1572 784 1653 plerique,
806 1573 1009 1653 quantumvis
1028 1575 1190 1637 saeviente
1208 1572 1335 1654 frigore,

341 1693 475 1753 procero
491 1682 522 1733 et
537 1673 644 1747 obes0,
661 1671 749 1733 crine
763 1671 951 1751 subpallid0,
968 1672 1070 1751 capite
1083 1691 1222 1751 superne
1234 1682 1334 1748 acute,

342 1772 434 1833 labiis
448 1769 710 1851 prominentibus
727 1768 856 1832 auribus
871 1769 1090 1833 crassissimis.

192 1888 195 1893 ·
308 1930 311 1936 ,
385 1871 450 1933 Sed
472 1889 537 1931 non
562 1868 646 1930 idem
669 1866 817 1929 omnibus
840 1868 1012 1947 ingenium,
1040 1888 1104 1930 non
1130 1887 1244 1945 mores,
1273 1888 1337 1930 non

299 1990 330 2027 10
343 1969 479 2031 habitus.
515 1966 640 2033 Notabo
655 1984 755 2045 pauca
769 1983 852 2046 quae
867 1964 900 2027 in
916 1965 1100 2029 universum
1112 1965 1179 2029 fere
1190 1966 1339 2029 omnihus

344 2076 525 2148 competere
539 2064 616 2127 mihi
632 2064 709 2129 visa.

382 2166 525 2229 Advenis
547 2158 797 2245 quibuscunque,
821 2162 891 2224 sine
912 2162 978 2224 ullo
996 2161 1189 2247 discrimine,
1213 2164 1338 2245 copiam

268 2274 270 2279 '
343 2265 460 2330 faciunt
491 2265 530 2345 (si
564 2264 721 2344 Asperam
768 2259 950 2324 Moroniam
989 2261 1165 2342 exceperis)
1209 2281 1339 2326 suarum

343 2365 477 2440 urbium,
513 2363 646 2437 aedium,
681 2380 822 2424 mensae.
865 2359 928 2421 Adi
964 2379 1146 2440 quenquam
1183 2360 1339 2438 istorum,

301 2486 330 2536 ¹5
344 2463 448 2552 saluta
466 2460 663 2536 submissius
686 2479 751 2520 non
771 2457 841 2520 sine
862 2456 1032 2536 turgidulis
1053 2456 1161 2534 titulis,
1181 2458 1340 2539 planeque

346 2558 555 2639 Hispanicis;
587 2557 682 2620 lauda
695 2556 747 2618 vel
767 2555 888 2631 faciem,
906 2554 957 2617 vel
977 2564 1110 2632 vestem,
1125 2556 1177 2618 vel
1199 2575 1338 2632 manum,

342 2653 393 2720 v'el
416 2657 554 2733 domum,
577 2665 608 2717 et
631 2654 780 2734 quicquid
802 2651 920 2716 dixerit
942 2652 1137 2733 astipularez
1166 2652 1340 2734 hospitium

344 2764 456 2818 nactus
475 2774 511 2816 es
529 2751 679 2834 quamdiu
700 2751 799 2827 voles,
817 2750 849 2812 in
871 2770 935 2830 quo
957 2749 1036 2812 nihil
1057 2749 1114 2811 tibi
1131 2750 1234 2813 deerit
1253 2753 1340 2831 quod

344 2853 445 2932 possit
468 2851 592 2931 uspiam
614 2849 799 2929 comparari
845 2847 966 2911 Gratiis
988 2857 1019 2909 et
1040 2847 1166 2910 blandis
1191 2847 1341 2928 pollicita·

300 2951 485 3013 notionibus
499 2949 552 3010 hic
567 2957 707 3010 veneunt
722 2947 837 3009 omnia

388 3047 496 3111 Media
524 3045 630 3108 hieme
660 3055 771 3125 aperto
805 3044 957 3106 incedunt
989 3054 1119 3123 pectore
1152 3054 1183 3106 et
1217 3036 1341 3124 reliquo

344 3165 479 3226 corpore
497 3144 610 3206 leviter
628 3142 742 3205 amicto
762 3154 852 3205 uteo
872 3141 996 3205 facilius
1016 3140 1113 3205 intret
1130 3142 1225 3218 calor,
1242 3141 1342 3221 frigus

345 3255 455 3322 exeat,
486 3252 607 3308 aestate
636 3252 741 3304 autem
770 3240 907 3302 induunt
932 3238 1122 3303 endromida
1142 3249 1174 3301 et
1200 3239 1341 3320 superin-

345 3347 446 3409 duunt
466 3341 598 3426 pallium
613 3351 644 3404 et
658 3349 735 3421 quot
750 3339 869 3403 habent
883 3347 998 3414 vestes,
1015 3356 1057 3399 ne
1078 3356 1142 3416 qua
1158 3335 1239 3398 sorte
1256 3336 1344 3399 calor

299 3459 330 3510 ²5
345 3445 463 3506 intrare
481 3439 601 3523 possit:
623 3456 806 3520 quanquam
821 3447 853 3499 et
871 3436 933 3512 alii,
950 3434 1052 3515 magis
1066 3433 1259 3516 philosophi,
1270 3454 1342 3496 con.

253 3535 256 3539 ’
346 3551 465 3622 tempta
478 3538 592 3602 hiemis
607 3537 803 3617 intemperie,
819 3535 895 3597 nudi
911 3533 977 3597 sere
991 3531 1174 3614 prodeunt,
1196 3533 1256 3596 hac
1271 3531 1343 3594 freti

347 3640 480 3716 ratione,
509 3637 607 3718 quod,
636 3656 708 3698 cum
737 3644 844 3696 cetera
872 3631 1025 3696 animalia.
1049 3629 1117 3691 suis
1145 3630 1262 3710 plumis
1289 3639 1344 3692 aut

347 3737 435 3801 corio
459 3746 608 3800 contenta
628 3734 699 3811 sint,
722 3744 815 3812 turpe
841 3732 882 3794 sit
905 3730 972 3811 regi
997 3727 1193 3808 reliquorum
1222 3727 1344 3789 homini

237 3881 240 3887 ·
347 3836 481 3901 aliorum
496 3833 721 3914 integumentis
736 3831 889 3910 indigere.
