<?xml version="1.0" encoding="UTF-8"?>
<!DOCTYPE html PUBLIC "-//W3C//DTD XHTML 1.0 Transitional//EN"
    "http://www.w3.org/TR/xhtml1/DTD/xhtml1-transitional.dtd">
<html xmlns="http://www.w3.org/1999/xhtml" xml:lang="en" lang="en">
 <head>
  <title>
</title>
<meta http-equiv="Content-Type" content="text/html;charset=utf-8" />
  <meta name='ocr-system' content='tesseract 3.04.00' />
  <meta name='ocr-capabilities' content='ocr_page ocr_carea ocr_par ocr_line ocrx_word'/>
</head>
<body>
  <div class='ocr_page' id='page_1' title='image "./mundusalteretid00andegoog_0082.png"; bbox 0 0 3142 4575; ppageno 0'>
   <div class='ocr_carea' id='block_1_1' title="bbox 229 529 1221 614">
    <p class='ocr_par' dir='ltr' id='par_1_1' title="bbox 229 529 1221 614">
     <span class='ocr_line' id='line_1_1' title="bbox 229 529 1221 614; baseline 0.004 -19"><span class='ocrx_word' id='word_1_1' title='bbox 229 551 302 595; x_wconf 76' lang='lat' dir='ltr'><strong>cnr.</strong></span> <span class='ocrx_word' id='word_1_2' title='bbox 317 530 354 613; x_wconf 84' lang='lat' dir='ltr'><strong>v]</strong></span> <span class='ocrx_word' id='word_1_3' title='bbox 460 584 463 587; x_wconf 96' lang='lat'><strong>.</strong></span> <span class='ocrx_word' id='word_1_4' title='bbox 623 529 844 595; x_wconf 81' lang='lat' dir='ltr'>MORONIA</span> <span class='ocrx_word' id='word_1_5' title='bbox 1035 579 1037 584; x_wconf 87' lang='lat'>-</span> <span class='ocrx_word' id='word_1_6' title='bbox 1181 538 1221 614; x_wconf 83' lang='lat'><strong>⁶3</strong></span> 
     </span>
    </p>
   </div>
   <div class='ocr_carea' id='block_1_2' title="bbox 226 684 1264 2046">
    <p class='ocr_par' dir='ltr' id='par_1_2' title="bbox 226 684 1264 2046">
     <span class='ocr_line' id='line_1_2' title="bbox 228 684 1223 768; baseline 0.002 -19"><span class='ocrx_word' id='word_1_7' title='bbox 228 707 293 749; x_wconf 94' lang='lat' dir='ltr'><strong>non</strong></span> <span class='ocrx_word' id='word_1_8' title='bbox 307 686 412 749; x_wconf 93' lang='lat' dir='ltr'><strong>minus</strong></span> <span class='ocrx_word' id='word_1_9' title='bbox 427 685 602 749; x_wconf 86' lang='lat' dir='ltr'><strong>delectatur</strong></span> <span class='ocrx_word' id='word_1_10' title='bbox 615 684 675 758; x_wconf 89' lang='lat' dir='ltr'><strong>illc,</strong></span> <span class='ocrx_word' id='word_1_11' title='bbox 694 706 790 765; x_wconf 88' lang='lat' dir='ltr'><strong>quarn</strong></span> <span class='ocrx_word' id='word_1_12' title='bbox 805 686 906 748; x_wconf 89' lang='lat' dir='ltr'><strong>nostri</strong></span> <span class='ocrx_word' id='word_1_13' title='bbox 921 687 1060 768; x_wconf 89' lang='lat' dir='ltr'><strong>qualibet</strong></span> <span class='ocrx_word' id='word_1_14' title='bbox 1079 710 1137 751; x_wconf 90' lang='lat' dir='ltr'><strong>ave</strong></span> <span class='ocrx_word' id='word_1_15' title='bbox 1152 708 1223 751; x_wconf 89' lang='lat' dir='ltr'><strong>rara</strong></span> 
     </span>
     <span class='ocr_line' id='line_1_3' title="bbox 228 784 1224 868; baseline -0.001 -19"><span class='ocrx_word' id='word_1_16' title='bbox 228 786 278 849; x_wconf 91' lang='lat' dir='ltr'><strong>vel</strong></span> <span class='ocrx_word' id='word_1_17' title='bbox 293 785 390 866; x_wconf 91' lang='lat' dir='ltr'><strong>pisce.</strong></span> <span class='ocrx_word' id='word_1_18' title='bbox 424 784 545 868; x_wconf 29' lang='lat' dir='ltr'><strong>‘Agitur</strong></span> <span class='ocrx_word' id='word_1_19' title='bbox 559 795 665 845; x_wconf 87' lang='lat' dir='ltr'><strong>tamen</strong></span> <span class='ocrx_word' id='word_1_20' title='bbox 681 803 751 844; x_wconf 90' lang='lat' dir='ltr'><strong>cum</strong></span> <span class='ocrx_word' id='word_1_21' title='bbox 768 784 831 845; x_wconf 93' lang='lat' dir='ltr'><strong>illis</strong></span> <span class='ocrx_word' id='word_1_22' title='bbox 846 784 1016 865; x_wconf 88' lang='lat' dir='ltr'>benignius</span> <span class='ocrx_word' id='word_1_23' title='bbox 1031 786 1086 866; x_wconf 93' lang='lat' dir='ltr'><strong>qui</strong></span> <span class='ocrx_word' id='word_1_24' title='bbox 1100 797 1224 848; x_wconf 82' lang='lat' dir='ltr'><strong>tantum</strong></span> 
     </span>
     <span class='ocr_line' id='line_1_4' title="bbox 227 882 1223 965; baseline 0.001 -19"><span class='ocrx_word' id='word_1_25' title='bbox 227 884 324 947; x_wconf 89' lang='lat' dir='ltr'><strong>animi</strong></span> <span class='ocrx_word' id='word_1_26' title='bbox 352 882 453 965; x_wconf 85' lang='lat' dir='ltr'><strong>gratia</strong></span> <span class='ocrx_word' id='word_1_27' title='bbox 480 882 647 963; x_wconf 88' lang='lat' dir='ltr'><strong>palatique,</strong></span> <span class='ocrx_word' id='word_1_28' title='bbox 676 903 739 943; x_wconf 94' lang='lat' dir='ltr'><strong>non</strong></span> <span class='ocrx_word' id='word_1_29' title='bbox 768 884 811 944; x_wconf 94' lang='lat' dir='ltr'><strong>ob</strong></span> <span class='ocrx_word' id='word_1_30' title='bbox 838 882 962 944; x_wconf 76' lang='lat' dir='ltr'><strong>crimen</strong></span> <span class='ocrx_word' id='word_1_31' title='bbox 987 883 1116 964; x_wconf 67' lang='lat' dir='ltr'><strong>fflqnod</strong></span> <span class='ocrx_word' id='word_1_32' title='bbox 1141 900 1223 947; x_wconf 78' lang='lat' dir='ltr'><strong>com·</strong></span> 
     </span>
     <span class='ocr_line' id='line_1_5' title="bbox 227 980 1222 1062; baseline -0.002 -17"><span class='ocrx_word' id='word_1_33' title='bbox 227 984 367 1058; x_wconf 87' lang='lat' dir='ltr'><strong>missum,</strong></span> <span class='ocrx_word' id='word_1_34' title='bbox 381 982 596 1058; x_wconf 82' lang='lat' dir='ltr'><strong>trucidantur;</strong></span> <span class='ocrx_word' id='word_1_35' title='bbox 616 980 735 1061; x_wconf 60' lang='lat' dir='ltr'><strong>quibua</strong></span> <span class='ocrx_word' id='word_1_36' title='bbox 745 982 841 1043; x_wconf 70' lang='lat' dir='ltr'><strong>datur</strong></span> <span class='ocrx_word' id='word_1_37' title='bbox 853 992 995 1061; x_wconf 87' lang='lat' dir='ltr'><strong>potestas</strong></span> <span class='ocrx_word' id='word_1_38' title='bbox 1009 983 1222 1062; x_wconf 89' lang='lat' dir='ltr'><strong>quodcunque</strong></span> 
     </span>
     <span class='ocr_line' id='line_1_6' title="bbox 226 1079 1249 1161; baseline 0 -18"><span class='ocrx_word' id='word_1_39' title='bbox 226 1081 337 1145; x_wconf 79' lang='lat' dir='ltr'><strong>malint</strong></span> <span class='ocrx_word' id='word_1_40' title='bbox 355 1080 471 1144; x_wconf 86' lang='lat' dir='ltr'><strong>mortis</strong></span> <span class='ocrx_word' id='word_1_41' title='bbox 488 1098 603 1159; x_wconf 74' lang='lat' dir='ltr'><strong>genus</strong></span> <span class='ocrx_word' id='word_1_42' title='bbox 618 1080 764 1160; x_wconf 84' lang='lat' dir='ltr'><strong>eligendi,</strong></span> <span class='ocrx_word' id='word_1_43' title='bbox 781 1079 907 1143; x_wconf 87' lang='lat' dir='ltr'><strong>serrone</strong></span> <span class='ocrx_word' id='word_1_44' title='bbox 927 1081 1032 1160; x_wconf 88' lang='lat' dir='ltr'><strong>perire</strong></span> <span class='ocrx_word' id='word_1_45' title='bbox 1051 1082 1160 1143; x_wconf 86' lang='lat' dir='ltr'><strong>malint</strong></span> <span class='ocrx_word' id='word_1_46' title='bbox 1180 1101 1249 1161; x_wconf 85' lang='lat' dir='ltr'><strong>an5</strong></span> 
     </span>
     <span class='ocr_line' id='line_1_7' title="bbox 227 1164 1240 1259; baseline 0 -17"><span class='ocrx_word' id='word_1_47' title='bbox 227 1180 376 1259; x_wconf 81' lang='lat' dir='ltr'><strong>capistro.</strong></span> <span class='ocrx_word' id='word_1_48' title='bbox 1233 1164 1240 1178; x_wconf 66' lang='lat'><em>⁰</em></span> 
     </span>
     <span class='ocr_line' id='line_1_8' title="bbox 271 1276 1252 1358; baseline -0.005 -17"><span class='ocrx_word' id='word_1_49' title='bbox 271 1278 379 1341; x_wconf 83' lang='lat' dir='ltr'><strong>Huius</strong></span> <span class='ocrx_word' id='word_1_50' title='bbox 393 1278 425 1341; x_wconf 91' lang='lat' dir='ltr'><strong>in</strong></span> <span class='ocrx_word' id='word_1_51' title='bbox 441 1277 558 1358; x_wconf 93' lang='lat' dir='ltr'><strong>palatio</strong></span> <span class='ocrx_word' id='word_1_52' title='bbox 574 1276 652 1337; x_wconf 93' lang='lat' dir='ltr'><strong>nihil</strong></span> <span class='ocrx_word' id='word_1_53' title='bbox 666 1287 730 1339; x_wconf 92' lang='lat' dir='ltr'><strong>tam</strong></span> <span class='ocrx_word' id='word_1_54' title='bbox 745 1277 872 1340; x_wconf 86' lang='lat' dir='ltr'><strong>celebre</strong></span> <span class='ocrx_word' id='word_1_55' title='bbox 888 1289 937 1340; x_wconf 91' lang='lat' dir='ltr'><strong>est</strong></span> <span class='ocrx_word' id='word_1_56' title='bbox 948 1299 1043 1358; x_wconf 93' lang='lat' dir='ltr'><strong>quam</strong></span> <span class='ocrx_word' id='word_1_57' title='bbox 1059 1278 1221 1340; x_wconf 88' lang='lat' dir='ltr'><strong>Sacellum</strong></span> <span class='ocrx_word' id='word_1_58' title='bbox 1250 1332 1252 1336; x_wconf 85' lang='lat'><strong>.</strong></span> 
     </span>
     <span class='ocr_line' id='line_1_9' title="bbox 230 1374 1222 1458; baseline -0.002 -19"><span class='ocrx_word' id='word_1_59' title='bbox 230 1377 477 1458; x_wconf 82' lang='lat' dir='ltr'><strong>inquisitorium,</strong></span> <span class='ocrx_word' id='word_1_60' title='bbox 494 1376 591 1439; x_wconf 90' lang='lat' dir='ltr'><strong>aedes</strong></span> <span class='ocrx_word' id='word_1_61' title='bbox 612 1395 702 1437; x_wconf 92' lang='lat' dir='ltr'><strong>sacra</strong></span> <span class='ocrx_word' id='word_1_62' title='bbox 718 1374 824 1437; x_wconf 89' lang='lat' dir='ltr'><strong>Furiis</strong></span> <span class='ocrx_word' id='word_1_63' title='bbox 846 1396 882 1437; x_wconf 92' lang='lat' dir='ltr'><strong>ac</strong></span> <span class='ocrx_word' id='word_1_64' title='bbox 900 1376 975 1438; x_wconf 92' lang='lat' dir='ltr'><strong>Diis·</strong></span> <span class='ocrx_word' id='word_1_65' title='bbox 988 1376 1222 1453; x_wconf 84' lang='lat' dir='ltr'><strong>infernalibus;</strong></span> 
     </span>
     <span class='ocr_line' id='line_1_10' title="bbox 228 1475 1220 1557; baseline -0.004 -18"><span class='ocrx_word' id='word_1_66' title='bbox 228 1497 361 1557; x_wconf 93' lang='lat' dir='ltr'><strong>quorum</strong></span> <span class='ocrx_word' id='word_1_67' title='bbox 383 1476 523 1538; x_wconf 92' lang='lat' dir='ltr'><strong>omnium</strong></span> <span class='ocrx_word' id='word_1_68' title='bbox 539 1485 676 1550; x_wconf 87' lang='lat' dir='ltr'><strong>statuae,</strong></span> <span class='ocrx_word' id='word_1_69' title='bbox 697 1495 715 1536; x_wconf 90' lang='lat' dir='ltr'><strong>e</strong></span> <span class='ocrx_word' id='word_1_70' title='bbox 736 1485 851 1555; x_wconf 87' lang='lat' dir='ltr'><strong>gagate</strong></span> <span class='ocrx_word' id='word_1_71' title='bbox 873 1487 906 1537; x_wconf 90' lang='lat' dir='ltr'><strong>et</strong></span> <span class='ocrx_word' id='word_1_72' title='bbox 926 1475 1055 1551; x_wconf 83' lang='lat' dir='ltr'><strong>coralio,</strong></span> <span class='ocrx_word' id='word_1_73' title='bbox 1075 1475 1220 1537; x_wconf 91' lang='lat' dir='ltr'><strong>horribili</strong></span> 
     </span>
     <span class='ocr_line' id='line_1_11' title="bbox 227 1572 1264 1657; baseline 0 -21"><span class='ocrx_word' id='word_1_74' title='bbox 227 1575 329 1657; x_wconf 85' lang='lat' dir='ltr'><strong>figura</strong></span> <span class='ocrx_word' id='word_1_75' title='bbox 350 1575 501 1655; x_wconf 89' lang='lat' dir='ltr'><strong>sculptae,</strong></span> <span class='ocrx_word' id='word_1_76' title='bbox 526 1584 557 1636; x_wconf 89' lang='lat' dir='ltr'><strong>et</strong></span> <span class='ocrx_word' id='word_1_77' title='bbox 578 1574 724 1635; x_wconf 89' lang='lat' dir='ltr'><strong>visuntur</strong></span> <span class='ocrx_word' id='word_1_78' title='bbox 749 1582 781 1635; x_wconf 89' lang='lat' dir='ltr'><strong>et</strong></span> <span class='ocrx_word' id='word_1_79' title='bbox 802 1574 985 1636; x_wconf 92' lang='lat' dir='ltr'><strong>adorantur.</strong></span> <span class='ocrx_word' id='word_1_80' title='bbox 1030 1572 1219 1636; x_wconf 74' lang='lat' dir='ltr'><strong>Hic‘omnia</strong></span> <span class='ocrx_word' id='word_1_81' title='bbox 1235 1601 1264 1636; x_wconf 82' lang='grc' dir='ltr'><strong>ιο</strong></span> 
     </span>
     <span class='ocr_line' id='line_1_12' title="bbox 228 1672 1220 1751; baseline -0.004 -16"><span class='ocrx_word' id='word_1_82' title='bbox 228 1694 341 1736; x_wconf 89' lang='lat' dir='ltr'><strong>cernes</strong></span> <span class='ocrx_word' id='word_1_83' title='bbox 360 1684 391 1735; x_wconf 90' lang='lat' dir='ltr'><strong>et</strong></span> <span class='ocrx_word' id='word_1_84' title='bbox 409 1674 603 1735; x_wconf 89' lang='lat' dir='ltr'><strong>cruciatuum</strong></span> <span class='ocrx_word' id='word_1_85' title='bbox 620 1692 739 1751; x_wconf 86' lang='lat' dir='ltr'><strong>genera</strong></span> <span class='ocrx_word' id='word_1_86' title='bbox 762 1682 793 1733; x_wconf 91' lang='lat' dir='ltr'><strong>et</strong></span> <span class='ocrx_word' id='word_1_87' title='bbox 813 1672 979 1733; x_wconf 88' lang='lat' dir='ltr'><strong>mortium:</strong></span> <span class='ocrx_word' id='word_1_88' title='bbox 1002 1682 1129 1733; x_wconf 88' lang='lat' dir='ltr'><strong>centum</strong></span> <span class='ocrx_word' id='word_1_89' title='bbox 1144 1672 1220 1751; x_wconf 93' lang='lat' dir='ltr'><strong>pati·</strong></span> 
     </span>
     <span class='ocr_line' id='line_1_13' title="bbox 227 1770 1217 1851; baseline -0.004 -16"><span class='ocrx_word' id='word_1_90' title='bbox 227 1772 319 1848; x_wconf 45' lang='lat' dir='ltr'><strong>bulas</strong></span> <span class='ocrx_word' id='word_1_91' title='bbox 334 1792 392 1849; x_wconf 86' lang='lat' dir='ltr'><strong>nec</strong></span> <span class='ocrx_word' id='word_1_92' title='bbox 420 1771 587 1851; x_wconf 89' lang='lat' dir='ltr'><strong>pauciores</strong></span> <span class='ocrx_word' id='word_1_93' title='bbox 615 1781 701 1832; x_wconf 90' lang='lat' dir='ltr'><strong>rotas</strong></span> <span class='ocrx_word' id='word_1_94' title='bbox 732 1770 889 1846; x_wconf 89' lang='lat' dir='ltr'><strong>ixioneas,</strong></span> <span class='ocrx_word' id='word_1_95' title='bbox 919 1790 1056 1844; x_wconf 90' lang='lat' dir='ltr'><strong>secures,</strong></span> <span class='ocrx_word' id='word_1_96' title='bbox 1084 1771 1217 1850; x_wconf 88' lang='lat' dir='ltr'><strong>gladios,</strong></span> 
     </span>
     <span class='ocr_line' id='line_1_14' title="bbox 227 1869 1220 1947; baseline -0.002 -15"><span class='ocrx_word' id='word_1_97' title='bbox 227 1869 341 1947; x_wconf 71' lang='lat' dir='ltr'><strong>furcas</strong></span> <span class='ocrx_word' id='word_1_98' title='bbox 364 1876 465 1943; x_wconf 82' lang='lat' dir='ltr'><strong>tunes,</strong></span> <span class='ocrx_word' id='word_1_99' title='bbox 488 1870 596 1944; x_wconf 77' lang='lat' dir='ltr'><strong>fustes</strong></span> <span class='ocrx_word' id='word_1_100' title='bbox 619 1879 651 1929; x_wconf 89' lang='lat' dir='ltr'><strong>et</strong></span> <span class='ocrx_word' id='word_1_101' title='bbox 672 1888 814 1929; x_wconf 86' lang='lat' dir='ltr'><strong>semesas</strong></span> <span class='ocrx_word' id='word_1_102' title='bbox 836 1869 987 1947; x_wconf 85' lang='lat' dir='ltr'><strong>aerugine</strong></span> <span class='ocrx_word' id='word_1_103' title='bbox 1010 1869 1220 1946; x_wconf 88' lang='lat' dir='ltr'><strong>bombardas;</strong></span> 
     </span>
     <span class='ocr_line' id='line_1_15' title="bbox 228 1965 1219 2046; baseline -0.004 -15"><span class='ocrx_word' id='word_1_104' title='bbox 228 1979 261 2031; x_wconf 88' lang='lat' dir='ltr'><strong>ut</strong></span> <span class='ocrx_word' id='word_1_105' title='bbox 296 1968 373 2031; x_wconf 92' lang='lat' dir='ltr'><strong>satis</strong></span> <span class='ocrx_word' id='word_1_106' title='bbox 405 1977 528 2031; x_wconf 89' lang='lat' dir='ltr'><strong>constet</strong></span> <span class='ocrx_word' id='word_1_107' title='bbox 564 1966 633 2029; x_wconf 89' lang='lat' dir='ltr'><strong>istis</strong></span> <span class='ocrx_word' id='word_1_108' title='bbox 667 1965 851 2046; x_wconf 89' lang='lat' dir='ltr'><strong>priusquam</strong></span> <span class='ocrx_word' id='word_1_109' title='bbox 880 1965 931 2033; x_wconf 89' lang='lat' dir='ltr'><strong>vel</strong></span> <span class='ocrx_word' id='word_1_110' title='bbox 962 1965 1139 2045; x_wconf 83' lang='lat' dir='ltr'><strong>Europaeis</strong></span> <span class='ocrx_word' id='word_1_111' title='bbox 1168 1968 1219 2030; x_wconf 93' lang='lat' dir='ltr'><strong>vel</strong></span> 
     </span>
    </p>
   </div>
   <div class='ocr_carea' id='block_1_3' title="bbox 229 2054 1351 2133">
    <p class='ocr_par' dir='ltr' id='par_1_3' title="bbox 229 2054 1351 2133">
     <span class='ocr_line' id='line_1_16' title="bbox 229 2054 1351 2133; baseline -0.006 -5"><span class='ocrx_word' id='word_1_112' title='bbox 229 2065 445 2128; x_wconf 88' lang='lat' dir='ltr'><strong>Chinensibus</strong></span> <span class='ocrx_word' id='word_1_113' title='bbox 468 2064 633 2127; x_wconf 88' lang='lat' dir='ltr'><strong>machinae</strong></span> <span class='ocrx_word' id='word_1_114' title='bbox 656 2064 752 2125; x_wconf 90' lang='lat' dir='ltr'><strong>huius</strong></span> <span class='ocrx_word' id='word_1_115' title='bbox 780 2062 884 2125; x_wconf 90' lang='lat' dir='ltr'><strong>letalis</strong></span> <span class='ocrx_word' id='word_1_116' title='bbox 912 2083 1005 2124; x_wconf 92' lang='lat' dir='ltr'><strong>usum</strong></span> <span class='ocrx_word' id='word_1_117' title='bbox 1030 2063 1216 2127; x_wconf 88' lang='lat' dir='ltr'><strong>innotuisse.</strong></span> <span class='ocrx_word' id='word_1_118' title='bbox 1234 2084 1265 2133; x_wconf 87' lang='lat'><strong>15</strong></span> <span class='ocrx_word' id='word_1_119' title='bbox 1347 2054 1351 2059; x_wconf 60' lang='grc'><strong><em>’</em></strong></span> 
     </span>
    </p>
   </div>
   <div class='ocr_carea' id='block_1_4' title="bbox 225 2160 1268 3915">
    <p class='ocr_par' dir='ltr' id='par_1_4' title="bbox 227 2160 1221 2326">
     <span class='ocr_line' id='line_1_17' title="bbox 230 2160 1221 2242; baseline 0 -17"><span class='ocrx_word' id='word_1_120' title='bbox 230 2164 319 2225; x_wconf 89' lang='lat' dir='ltr'><strong>Mille</strong></span> <span class='ocrx_word' id='word_1_121' title='bbox 334 2164 384 2225; x_wconf 91' lang='lat' dir='ltr'><strong>hic</strong></span> <span class='ocrx_word' id='word_1_122' title='bbox 399 2164 520 2225; x_wconf 88' lang='lat' dir='ltr'><strong>fumant</strong></span> <span class='ocrx_word' id='word_1_123' title='bbox 541 2160 653 2224; x_wconf 89' lang='lat' dir='ltr'><strong>altaria</strong></span> <span class='ocrx_word' id='word_1_124' title='bbox 672 2160 746 2241; x_wconf 87' lang='lat' dir='ltr'><strong>igne</strong></span> <span class='ocrx_word' id='word_1_125' title='bbox 767 2161 909 2241; x_wconf 88' lang='lat' dir='ltr'><strong>perenni,</strong></span> <span class='ocrx_word' id='word_1_126' title='bbox 930 2162 962 2223; x_wconf 93' lang='lat' dir='ltr'><strong>in</strong></span> <span class='ocrx_word' id='word_1_127' title='bbox 977 2162 1095 2242; x_wconf 92' lang='lat' dir='ltr'><strong>quibus</strong></span> <span class='ocrx_word' id='word_1_128' title='bbox 1117 2163 1221 2226; x_wconf 89' lang='lat' dir='ltr'><strong>indies</strong></span> 
     </span>
     <span class='ocr_line' id='line_1_18' title="bbox 227 2260 618 2326; baseline -0.003 -1"><span class='ocrx_word' id='word_1_129' title='bbox 227 2262 333 2326; x_wconf 89' lang='lat' dir='ltr'><strong>litatur</strong></span> <span class='ocrx_word' id='word_1_130' title='bbox 350 2262 465 2325; x_wconf 86' lang='lat' dir='ltr'><strong>inseris</strong></span> <span class='ocrx_word' id='word_1_131' title='bbox 479 2271 510 2324; x_wconf 90' lang='lat' dir='ltr'><strong>et</strong></span> <span class='ocrx_word' id='word_1_132' title='bbox 527 2260 618 2324; x_wconf 89' lang='lat' dir='ltr'><strong>Duci.</strong></span> 
     </span>
    </p>

    <p class='ocr_par' dir='ltr' id='par_1_5' title="bbox 227 2359 1226 2540">
     <span class='ocr_line' id='line_1_19' title="bbox 270 2359 1223 2442; baseline 0.002 -20"><span class='ocrx_word' id='word_1_133' title='bbox 270 2361 398 2424; x_wconf 87' lang='lat' dir='ltr'><strong>incolae</strong></span> <span class='ocrx_word' id='word_1_134' title='bbox 415 2381 542 2442; x_wconf 89' lang='lat' dir='ltr'><strong>semper</strong></span> <span class='ocrx_word' id='word_1_135' title='bbox 557 2361 623 2422; x_wconf 87' lang='lat' dir='ltr'><strong>sere</strong></span> <span class='ocrx_word' id='word_1_136' title='bbox 634 2359 786 2421; x_wconf 89' lang='lat' dir='ltr'><strong>cursitant</strong></span> <span class='ocrx_word' id='word_1_137' title='bbox 799 2359 832 2420; x_wconf 92' lang='lat' dir='ltr'><strong>in</strong></span> <span class='ocrx_word' id='word_1_138' title='bbox 840 2359 911 2437; x_wconf 87' lang='lat' dir='ltr'><strong>via;</strong></span> <span class='ocrx_word' id='word_1_139' title='bbox 931 2379 1059 2439; x_wconf 84' lang='lat' dir='ltr'><strong>semper</strong></span> <span class='ocrx_word' id='word_1_140' title='bbox 1069 2361 1223 2424; x_wconf 88' lang='lat' dir='ltr'><strong>anhelant</strong></span> 
     </span>
     <span class='ocr_line' id='line_1_20' title="bbox 227 2460 1226 2540; baseline 0.002 -18"><span class='ocrx_word' id='word_1_141' title='bbox 227 2460 415 2540; x_wconf 88' lang='lat' dir='ltr'><strong>sudantque.</strong></span> <span class='ocrx_word' id='word_1_142' title='bbox 1208 2519 1226 2524; x_wconf 85' lang='lat'><strong>..</strong></span> 
     </span>
    </p>

    <p class='ocr_par' dir='ltr' id='par_1_6' title="bbox 225 2553 1265 3130">
     <span class='ocr_line' id='line_1_21' title="bbox 269 2553 1264 2631; baseline -0.004 -14"><span class='ocrx_word' id='word_1_143' title='bbox 269 2557 357 2620; x_wconf 92' lang='lat' dir='ltr'><strong>Duas</strong></span> <span class='ocrx_word' id='word_1_144' title='bbox 383 2577 436 2620; x_wconf 89' lang='lat' dir='ltr'><strong>res</strong></span> <span class='ocrx_word' id='word_1_145' title='bbox 461 2557 511 2618; x_wconf 93' lang='lat' dir='ltr'><strong>hic</strong></span> <span class='ocrx_word' id='word_1_146' title='bbox 535 2555 708 2631; x_wconf 86' lang='lat' dir='ltr'><strong>miraberis,</strong></span> <span class='ocrx_word' id='word_1_147' title='bbox 733 2555 857 2618; x_wconf 91' lang='lat' dir='ltr'><strong>Lector.</strong></span> <span class='ocrx_word' id='word_1_148' title='bbox 904 2553 1073 2618; x_wconf 89' lang='lat' dir='ltr'><strong>Neminem</strong></span> <span class='ocrx_word' id='word_1_149' title='bbox 1095 2556 1264 2620; x_wconf 70' lang='lat' dir='ltr'><strong>videbisoo</strong></span> 
     </span>
     <span class='ocr_line' id='line_1_22' title="bbox 227 2653 1219 2732; baseline -0.001 -16"><span class='ocrx_word' id='word_1_150' title='bbox 227 2675 289 2717; x_wconf 92' lang='lat' dir='ltr'><strong>non</strong></span> <span class='ocrx_word' id='word_1_151' title='bbox 312 2665 366 2718; x_wconf 91' lang='lat' dir='ltr'><strong>aut</strong></span> <span class='ocrx_word' id='word_1_152' title='bbox 387 2675 533 2718; x_wconf 90' lang='lat' dir='ltr'><strong>mancum</strong></span> <span class='ocrx_word' id='word_1_153' title='bbox 554 2665 608 2717; x_wconf 90' lang='lat' dir='ltr'><strong>aut</strong></span> <span class='ocrx_word' id='word_1_154' title='bbox 630 2654 794 2730; x_wconf 89' lang='lat' dir='ltr'><strong>mutilum;</strong></span> <span class='ocrx_word' id='word_1_155' title='bbox 817 2654 899 2715; x_wconf 91' lang='lat' dir='ltr'><strong>inter</strong></span> <span class='ocrx_word' id='word_1_156' title='bbox 917 2673 1000 2732; x_wconf 91' lang='lat' dir='ltr'><strong>quos</strong></span> <span class='ocrx_word' id='word_1_157' title='bbox 1019 2653 1073 2714; x_wconf 91' lang='lat' dir='ltr'><strong>ille</strong></span> <span class='ocrx_word' id='word_1_158' title='bbox 1091 2655 1219 2716; x_wconf 88' lang='lat' dir='ltr'><strong>demum</strong></span> 
     </span>
     <span class='ocr_line' id='line_1_23' title="bbox 225 2751 1222 2834; baseline 0 -20"><span class='ocrx_word' id='word_1_159' title='bbox 225 2754 346 2817; x_wconf 87' lang='lat' dir='ltr'><strong>formae</strong></span> <span class='ocrx_word' id='word_1_160' title='bbox 367 2755 504 2834; x_wconf 91' lang='lat' dir='ltr'><strong>palmam</strong></span> <span class='ocrx_word' id='word_1_161' title='bbox 526 2753 655 2829; x_wconf 90' lang='lat' dir='ltr'><strong>obtinet,</strong></span> <span class='ocrx_word' id='word_1_162' title='bbox 678 2752 729 2814; x_wconf 91' lang='lat' dir='ltr'><strong>cui</strong></span> <span class='ocrx_word' id='word_1_163' title='bbox 751 2751 847 2814; x_wconf 85' lang='lat' dir='ltr'><strong>facies</strong></span> <span class='ocrx_word' id='word_1_164' title='bbox 869 2751 1006 2812; x_wconf 84' lang='lat' dir='ltr'><strong>maxime</strong></span> <span class='ocrx_word' id='word_1_165' title='bbox 1027 2751 1121 2814; x_wconf 89' lang='lat' dir='ltr'><strong>suerit</strong></span> <span class='ocrx_word' id='word_1_166' title='bbox 1143 2753 1222 2815; x_wconf 67' lang='lat' dir='ltr'><strong>cica¹</strong></span> 
     </span>
     <span class='ocr_line' id='line_1_24' title="bbox 226 2850 1220 2925; baseline -0.001 -11"><span class='ocrx_word' id='word_1_167' title='bbox 226 2853 352 2916; x_wconf 89' lang='lat' dir='ltr'><strong>tricosa.</strong></span> <span class='ocrx_word' id='word_1_168' title='bbox 396 2851 516 2915; x_wconf 90' lang='lat' dir='ltr'><strong>Senem</strong></span> <span class='ocrx_word' id='word_1_169' title='bbox 542 2851 592 2914; x_wconf 90' lang='lat' dir='ltr'><strong>hic</strong></span> <span class='ocrx_word' id='word_1_170' title='bbox 617 2850 741 2914; x_wconf 90' lang='lat' dir='ltr'><strong>videbis</strong></span> <span class='ocrx_word' id='word_1_171' title='bbox 767 2850 935 2925; x_wconf 88' lang='lat' dir='ltr'><strong>neminem,</strong></span> <span class='ocrx_word' id='word_1_172' title='bbox 970 2850 1023 2911; x_wconf 87' lang='lat' dir='ltr'><strong>vix</strong></span> <span class='ocrx_word' id='word_1_173' title='bbox 1048 2851 1133 2920; x_wconf 90' lang='lat' dir='ltr'><strong>enim</strong></span> <span class='ocrx_word' id='word_1_174' title='bbox 1159 2854 1220 2913; x_wconf 86' lang='lat' dir='ltr'><strong>cui·-</strong></span> 
     </span>
     <span class='ocr_line' id='line_1_25' title="bbox 226 2948 1226 3031; baseline 0 -19"><span class='ocrx_word' id='word_1_175' title='bbox 226 2972 319 3031; x_wconf 88' lang='lat' dir='ltr'><strong>quam</strong></span> <span class='ocrx_word' id='word_1_176' title='bbox 334 2951 466 3030; x_wconf 87' lang='lat' dir='ltr'><strong>contigit</strong></span> <span class='ocrx_word' id='word_1_177' title='bbox 481 2951 593 3012; x_wconf 93' lang='lat' dir='ltr'><strong>horum</strong></span> <span class='ocrx_word' id='word_1_178' title='bbox 609 2949 649 3011; x_wconf 89' lang='lat' dir='ltr'><strong>ad</strong></span> <span class='ocrx_word' id='word_1_179' title='bbox 664 2949 801 3011; x_wconf 86' lang='lat' dir='ltr'><strong>mediam</strong></span> <span class='ocrx_word' id='word_1_180' title='bbox 813 2969 914 3029; x_wconf 88' lang='lat' dir='ltr'><strong>usque</strong></span> <span class='ocrx_word' id='word_1_181' title='bbox 929 2948 1070 3012; x_wconf 91' lang='lat' dir='ltr'><strong>hominis</strong></span> <span class='ocrx_word' id='word_1_182' title='bbox 1084 2960 1226 3012; x_wconf 88' lang='lat' dir='ltr'><strong>aetatem</strong></span> 
     </span>
     <span class='ocr_line' id='line_1_26' title="bbox 226 3069 1265 3130; baseline -0.001 -19"><span class='ocrx_word' id='word_1_183' title='bbox 226 3069 404 3130; x_wconf 88' lang='lat' dir='ltr'><strong>superesse.</strong></span> <span class='ocrx_word' id='word_1_184' title='bbox 1050 3110 1053 3116; x_wconf 86' lang='grc'>,</span> <span class='ocrx_word' id='word_1_185' title='bbox 1234 3074 1265 3124; x_wconf 76' lang='lat'><strong>²⁵</strong></span> 
     </span>
    </p>

    <p class='ocr_par' dir='ltr' id='par_1_7' title="bbox 226 3143 1268 3917">
     <span class='ocr_line' id='line_1_27' title="bbox 268 3143 1220 3228; baseline -0.001 -18"><span class='ocrx_word' id='word_1_186' title='bbox 268 3147 334 3210; x_wconf 88' lang='lat' dir='ltr'><strong>Sed</strong></span> <span class='ocrx_word' id='word_1_187' title='bbox 346 3167 427 3210; x_wconf 63' lang='lat' dir='ltr'><strong>,cave</strong></span> <span class='ocrx_word' id='word_1_188' title='bbox 441 3145 571 3222; x_wconf 85' lang='lat' dir='ltr'><strong>fallaris,</strong></span> <span class='ocrx_word' id='word_1_189' title='bbox 585 3145 709 3210; x_wconf 88' lang='lat' dir='ltr'><strong>Lector.</strong></span> <span class='ocrx_word' id='word_1_190' title='bbox 755 3143 846 3208; x_wconf 88' lang='lat' dir='ltr'><strong>Haec</strong></span> <span class='ocrx_word' id='word_1_191' title='bbox 861 3165 922 3226; x_wconf 87' lang='lat' dir='ltr'><strong>ego</strong></span> <span class='ocrx_word' id='word_1_192' title='bbox 935 3145 1098 3208; x_wconf 92' lang='lat' dir='ltr'><strong>auditione</strong></span> <span class='ocrx_word' id='word_1_193' title='bbox 1113 3149 1220 3228; x_wconf 89' lang='lat' dir='ltr'><strong>accepi</strong></span> 
     </span>
     <span class='ocr_line' id='line_1_28' title="bbox 226 3243 1268 3327; baseline 0 -19"><span class='ocrx_word' id='word_1_194' title='bbox 226 3247 302 3321; x_wconf 87' lang='lat' dir='ltr'><strong>sola,</strong></span> <span class='ocrx_word' id='word_1_195' title='bbox 327 3265 391 3306; x_wconf 92' lang='lat' dir='ltr'><strong>non</strong></span> <span class='ocrx_word' id='word_1_196' title='bbox 414 3264 513 3306; x_wconf 90' lang='lat' dir='ltr'><strong>ausus</strong></span> <span class='ocrx_word' id='word_1_197' title='bbox 535 3243 649 3305; x_wconf 91' lang='lat' dir='ltr'><strong>intueri</strong></span> <span class='ocrx_word' id='word_1_198' title='bbox 664 3262 792 3318; x_wconf 79' lang='lat' dir='ltr'><strong>coram3</strong></span> <span class='ocrx_word' id='word_1_199' title='bbox 818 3254 850 3305; x_wconf 93' lang='lat' dir='ltr'><strong>et</strong></span> <span class='ocrx_word' id='word_1_200' title='bbox 866 3244 1072 3305; x_wconf 88' lang='lat' dir='ltr'><strong>memineram</strong></span> <span class='ocrx_word' id='word_1_201' title='bbox 1087 3245 1119 3307; x_wconf 91' lang='lat' dir='ltr'><strong>id</strong></span> <span class='ocrx_word' id='word_1_202' title='bbox 1134 3249 1219 3327; x_wconf 91' lang='lat' dir='ltr'><strong>quod</strong></span> <span class='ocrx_word' id='word_1_203' title='bbox 1264 3301 1268 3308; x_wconf 87' lang='lat'><strong>.</strong></span> 
     </span>
     <span class='ocr_line' id='line_1_29' title="bbox 227 3340 1226 3421; baseline 0.002 -15"><span class='ocrx_word' id='word_1_204' title='bbox 227 3343 341 3406; x_wconf 90' lang='lat' dir='ltr'><strong>Gallus</strong></span> <span class='ocrx_word' id='word_1_205' title='bbox 358 3343 410 3404; x_wconf 92' lang='lat' dir='ltr'><strong>ille</strong></span> <span class='ocrx_word' id='word_1_206' title='bbox 427 3341 502 3404; x_wconf 92' lang='lat' dir='ltr'><strong>olim</strong></span> <span class='ocrx_word' id='word_1_207' title='bbox 520 3340 614 3404; x_wconf 91' lang='lat' dir='ltr'><strong>toties</strong></span> <span class='ocrx_word' id='word_1_208' title='bbox 631 3341 708 3401; x_wconf 91' lang='lat' dir='ltr'><strong>mihi</strong></span> <span class='ocrx_word' id='word_1_209' title='bbox 725 3361 743 3402; x_wconf 93' lang='lat' dir='ltr'><strong>a</strong></span> <span class='ocrx_word' id='word_1_210' title='bbox 762 3340 959 3407; x_wconf 90' lang='lat' dir='ltr'><strong>nobilissimo</strong></span> <span class='ocrx_word' id='word_1_211' title='bbox 981 3352 1013 3402; x_wconf 89' lang='lat' dir='ltr'><strong>et</strong></span> <span class='ocrx_word' id='word_1_212' title='bbox 1030 3342 1226 3421; x_wconf 89' lang='lat' dir='ltr'><strong>ingeniosis·-</strong></span> 
     </span>
     <span class='ocr_line' id='line_1_30' title="bbox 226 3439 1221 3523; baseline 0.001 -19"><span class='ocrx_word' id='word_1_213' title='bbox 226 3443 306 3504; x_wconf 91' lang='lat' dir='ltr'><strong>simo</strong></span> <span class='ocrx_word' id='word_1_214' title='bbox 345 3440 485 3503; x_wconf 89' lang='lat' dir='ltr'><strong>Baconio</strong></span> <span class='ocrx_word' id='word_1_215' title='bbox 522 3439 711 3506; x_wconf 87' lang='lat' dir='ltr'><strong>inculcatum</strong></span> <span class='ocrx_word' id='word_1_216' title='bbox 749 3439 838 3516; x_wconf 86' lang='lat' dir='ltr'><strong>dixit,</strong></span> <span class='ocrx_word' id='word_1_217' title='bbox 881 3439 927 3500; x_wconf 82' lang='lat' dir='ltr'><strong>‘Il</strong></span> <span class='ocrx_word' id='word_1_218' title='bbox 966 3439 1031 3500; x_wconf 86' lang='lat' dir='ltr'><strong>saut</strong></span> <span class='ocrx_word' id='word_1_219' title='bbox 1068 3449 1221 3523; x_wconf 78' lang='lat' dir='ltr'><strong>menager</strong></span> 
     </span>
     <span class='ocr_line' id='line_1_31' title="bbox 227 3537 1265 3619; baseline 0.001 -18"><span class='ocrx_word' id='word_1_220' title='bbox 227 3541 257 3602; x_wconf 92' lang='lat' dir='ltr'><strong>la</strong></span> <span class='ocrx_word' id='word_1_221' title='bbox 271 3539 343 3602; x_wconf 89' lang='lat' dir='ltr'><strong>vie.&#39;</strong></span> <span class='ocrx_word' id='word_1_222' title='bbox 384 3539 512 3619; x_wconf 82' lang='lat' dir='ltr'><strong>Aspera</strong></span> <span class='ocrx_word' id='word_1_223' title='bbox 532 3538 627 3600; x_wconf 91' lang='lat' dir='ltr'><strong>nimis</strong></span> <span class='ocrx_word' id='word_1_224' title='bbox 649 3547 716 3599; x_wconf 88' lang='lat' dir='ltr'><strong>erat</strong></span> <span class='ocrx_word' id='word_1_225' title='bbox 737 3539 816 3599; x_wconf 91' lang='lat' dir='ltr'><strong>haec</strong></span> <span class='ocrx_word' id='word_1_226' title='bbox 833 3537 990 3612; x_wconf 87' lang='lat' dir='ltr'><strong>Moronia,</strong></span> <span class='ocrx_word' id='word_1_227' title='bbox 1005 3551 1150 3618; x_wconf 87' lang='lat' dir='ltr'><strong>quamut</strong></span> <span class='ocrx_word' id='word_1_228' title='bbox 1169 3561 1221 3602; x_wconf 89' lang='lat' dir='ltr'><strong>me</strong></span> <span class='ocrx_word' id='word_1_229' title='bbox 1234 3568 1265 3614; x_wconf 76' lang='lat'><strong>30</strong></span> 
     </span>
     <span class='ocr_line' id='line_1_32' title="bbox 227 3636 1224 3719; baseline 0.002 -21"><span class='ocrx_word' id='word_1_230' title='bbox 227 3638 323 3700; x_wconf 84' lang='lat' dir='ltr'><strong>ferret</strong></span> <span class='ocrx_word' id='word_1_231' title='bbox 343 3637 512 3718; x_wconf 89' lang='lat' dir='ltr'><strong>hospitem.</strong></span> <span class='ocrx_word' id='word_1_232' title='bbox 559 3636 664 3701; x_wconf 89' lang='lat' dir='ltr'><strong>Mansi</strong></span> <span class='ocrx_word' id='word_1_233' title='bbox 680 3656 752 3716; x_wconf 87' lang='lat' dir='ltr'><strong>ego,</strong></span> <span class='ocrx_word' id='word_1_234' title='bbox 766 3637 855 3698; x_wconf 84' lang='lat' dir='ltr'><strong>salva</strong></span> <span class='ocrx_word' id='word_1_235' title='bbox 869 3646 901 3698; x_wconf 90' lang='lat' dir='ltr'><strong>et</strong></span> <span class='ocrx_word' id='word_1_236' title='bbox 918 3637 1001 3699; x_wconf 84' lang='lat' dir='ltr'><strong>bene</strong></span> <span class='ocrx_word' id='word_1_237' title='bbox 1014 3647 1125 3703; x_wconf 85' lang='lat' dir='ltr'><strong>curata</strong></span> <span class='ocrx_word' id='word_1_238' title='bbox 1137 3649 1224 3719; x_wconf 63' lang='lat' dir='ltr'><strong>cute.</strong></span> 
     </span>
     <span class='ocr_line' id='line_1_33' title="bbox 230 3735 1268 3817; baseline 0.002 -20"><span class='ocrx_word' id='word_1_239' title='bbox 230 3735 427 3812; x_wconf 87' lang='lat' dir='ltr'><strong>Pazzivillae,</strong></span> <span class='ocrx_word' id='word_1_240' title='bbox 454 3736 554 3798; x_wconf 90' lang='lat' dir='ltr'><strong>satius</strong></span> <span class='ocrx_word' id='word_1_241' title='bbox 580 3735 657 3796; x_wconf 93' lang='lat' dir='ltr'><strong>mihi</strong></span> <span class='ocrx_word' id='word_1_242' title='bbox 683 3744 770 3796; x_wconf 91' lang='lat' dir='ltr'><strong>ratus</strong></span> <span class='ocrx_word' id='word_1_243' title='bbox 796 3735 829 3795; x_wconf 92' lang='lat' dir='ltr'><strong>in</strong></span> <span class='ocrx_word' id='word_1_244' title='bbox 851 3735 912 3797; x_wconf 90' lang='lat' dir='ltr'><strong>hoc</strong></span> <span class='ocrx_word' id='word_1_245' title='bbox 938 3735 1065 3817; x_wconf 87' lang='lat' dir='ltr'><strong>negotio</strong></span> <span class='ocrx_word' id='word_1_246' title='bbox 1090 3738 1220 3808; x_wconf 83' lang='lat' dir='ltr'><strong>credere</strong></span> <span class='ocrx_word' id='word_1_247' title='bbox 1240 3770 1268 3780; x_wconf 41' lang='lat'><strong>1*</strong></span> 
     </span>
     <span class='ocr_line' id='line_1_34' title="bbox 227 3834 1146 3915; baseline -0.001 -20"><span class='ocrx_word' id='word_1_248' title='bbox 227 3854 321 3915; x_wconf 90' lang='lat' dir='ltr'><strong>quarn</strong></span> <span class='ocrx_word' id='word_1_249' title='bbox 344 3834 491 3915; x_wconf 83' lang='lat' dir='ltr'><strong>experiri.</strong></span> <span class='ocrx_word' id='word_1_250' title='bbox 579 3907 582 3912; x_wconf 24' lang='grc' dir='ltr'>Ι</span> <span class='ocrx_word' id='word_1_251' title='bbox 908 3909 911 3913; x_wconf 28' lang='grc'><em>,</em></span> <span class='ocrx_word' id='word_1_252' title='bbox 1026 3857 1032 3863; x_wconf 89' lang='grc'><strong><em>·</em></strong></span> <span class='ocrx_word' id='word_1_253' title='bbox 1123 3858 1146 3866; x_wconf 80' lang='grc'><strong>··</strong></span> 
     </span>
    </p>
   </div>
   <div class='ocr_carea' id='block_1_5' title="bbox 0 0 1576 4575">
    <p class='ocr_par' dir='ltr' id='par_1_8' title="bbox 0 0 1576 4575">
     <span class='ocr_line' id='line_1_35' title="bbox 0 0 1576 4575; baseline 0 0"><span class='ocrx_word' id='word_1_254' title='bbox 0 0 1576 4575; x_wconf 95' lang='lat' dir='ltr'><strong> </strong></span> 
     </span>
    </p>
   </div>
  </div>
 </body>
</html>
