3142 4575
386 548 426 589 20
565 528 764 591 nunnus
793 484 950 591 aaran
981 528 1039 590 rr
1073 527 1188 590 rnen
1275 525 1382 610 [w

388 683 457 765 Ego
490 684 535 746 sic
569 706 686 749 censeo
718 686 953 750 restituendas:
988 705 1089 767 penes
1124 684 1277 747 lectorem
1309 694 1380 746 esto

387 782 536 845 iudicium
549 806 597 847 :-

429 1030 583 1095 Onnsws
599 1032 775 1097 Faoonrar
791 1053 869 1109 oux,
887 1052 1044 1110 bonulus,
1062 1053 1194 1111 vrcron,
1212 1053 1379 1110 rmncrrs,

387 1148 472 1191 neus
495 1150 551 1193 inc
574 1152 692 1195 JACEo:
715 1152 806 1195 neno
829 1152 874 1193 ns·
897 1152 1043 1193 nonruer
1067 1151 1382 1209 cumanensem

359 1247 519 1297 5rnnenr
542 1248 686 1307 nunnus
708 1250 858 1293 saburra
880 1249 1042 1292 somnus:
1073 1249 1181 1292 nanus
1204 1250 1280 1291 nnn
1301 1250 1382 1292 rsro

387 1345 444 1397 our
468 1347 599 1406 rorrsr,
625 1349 788 1392 susmrus
816 1349 875 1401 ou1
903 1348 999 1406 vuar,
1033 1348 1090 1401 our
1118 1348 1231 1391 nuber
1255 1348 1380 1391 nosns

388 1443 501 1489 vivire
516 1444 668 1490 vrnrnes
684 1447 724 1489 ar
738 1446 880 1489 vaccar.

432 1657 523 1721 Haec
552 1660 639 1740 regia
664 1660 763 1723 Ducis
789 1670 845 1737 est,
873 1679 967 1739 quern
992 1659 1045 1721 ille
1069 1658 1192 1739 primus
1221 1658 1383 1738 legislator

389 1758 489 1821 voluit
508 1780 573 1821 non
591 1770 686 1836 certo,
703 1770 737 1822 ut
758 1759 843 1837 alibi,
866 1757 999 1840 imperio
1020 1758 1091 1836 frui,
1107 1759 1164 1820 sed
1187 1758 1282 1821 anxio
1303 1778 1383 1821 sem·

348 1876 378 1912 10
389 1874 509 1935 perque
525 1856 675 1920 mutabili.

437 1954 490 2016 Sic
506 1975 582 2036 ergo
598 1942 742 2018 sehabet
766 1954 866 2017 Ducis
885 1955 1007 2018 electio.
1051 1954 1233 2031 Quotannis
1253 1954 1383 2017 institui-

389 2066 440 2119 tur
468 2054 601 2117 solenne
629 2064 798 2130 certamen,
823 2054 909 2134 quod
934 2053 1062 2134 quidem
1087 2072 1152 2114 non
1179 2052 1306 2127 lanceis
1330 2062 1384 2114 aut

389 2152 541 2228 curribus,
564 2161 618 2214 aut
638 2151 741 2227 remiS,
760 2153 818 2215 sed
838 2152 987 2214 dentibus
1007 2151 1117 2232 peragi
1137 2152 1239 2213 solet:
1260 2150 1314 2212 ubi
1330 2151 1383 2230 qui

387 2251 505 2327 vicerit,
541 2260 670 2331 praeter
700 2270 838 2313 coronae
871 2250 1061 2331 pampineae
1095 2250 1259 2327 honorem,
1294 2249 1384 2331 regni

345 2370 375 2418 15
389 2349 624 2424 Seneschallus,
645 2349 726 2410 Duci
743 2349 916 2428 proximus,
933 2348 1050 2410 exinde
1064 2349 1228 2411 salutatur.
1243 2420 1246 2428 .

432 2448 538 2509 Finito
560 2447 740 2523 certamine,
760 2446 862 2525 surgit
883 2445 1019 2526 quisque
1044 2467 1080 2508 ac
1101 2441 1237 2526 tangens
1259 2466 1384 2508 sacrum

389 2545 514 2608 Omasii
535 2545 691 2606 tumulum
708 2543 868 2606 Bacchum
891 2543 972 2606 iurat
994 2554 1025 2606 et
1045 2544 1220 2606 Saturnum
1244 2555 1276 2606 et
1297 2544 1386 2624 ipsos

390 2643 513 2706 Omasii
534 2663 646 2704 manes
670 2663 705 2705 se
721 2643 842 2722 absque
856 2641 968 2704 fraude
983 2663 1020 2705 ac
1036 2643 1110 2705 dolo
1126 2643 1208 2705 malo
1224 2643 1385 2723 negotium

389 2743 450 2804 hoc
466 2762 537 2804 esse
553 2751 770 2802 tractaturum.

346 2871 377 2907 20
431 2839 577 2902 Tandem
594 2839 699 2918 prodit
720 2859 825 2900 novus
844 2836 1080 2918 SeneschalluS,
1097 2840 1267 2920 cingulum
1280 2840 1387 2902 serens

390 2957 531 3012 aureum,
567 2935 703 3016 gemmis
736 2938 836 3017 probe
864 2937 1024 3017 stipatum,
1056 2938 1230 3001 immensae
1258 2937 1387 3018 quidem

390 3035 608 3116 longitudinis
647 3035 780 3096 Sacram
792 3035 916 3098 Zonam
933 3036 1063 3117 Imperii
1074 3047 1190 3099 vocant
1205 3036 1385 3117 indigenae,

390 3135 441 3196 cui
452 3135 585 3196 verbum
597 3133 751 3195 intextum
763 3134 983 3212 animadverti,
1001 3138 1043 3196 ‘sr
1060 3154 1154 3196 nnnc
1167 3134 1308 3196 uerna?
1325 3155 1389 3214 qua

391 3253 427 3295 se
441 3232 563 3312 primus
578 3231 718 3294 omnium
734 3232 837 3295 induit
845 3235 918 3317 ⁵dux
931 3233 1027 3314 prior,
1042 3243 1194 3313 notatque
1209 3231 1389 3295 abdominis

346 3331 441 3408 25sui
469 3350 670 3408 mensuram,
702 3341 881 3411 sequuntur
911 3332 1005 3409 hunc,
1049 3352 1109 3394 suo
1134 3331 1270 3411 quisque
1306 3331 1387 3406 loco,

391 3449 541 3512 proceres
576 3427 713 3508 reliqui:
749 3429 931 3509 quicunque
965 3450 1043 3491 vero
1076 3429 1263 3492 cinctorium
1294 3428 1388 3507 istud,

391 3549 456 3592 non
467 3528 607 3590 distento
617 3537 729 3590 ventre
742 3547 802 3589 nec
817 3538 942 3590 retento
954 3527 1076 3607 spiritu,
1087 3527 1134 3588 sic
1149 3548 1264 3609 urgere
1274 3537 1389 3607 potest,

391 3629 427 3690 ut'
441 3626 554 3688 altiore
570 3625 674 3688 adhuc
690 3624 845 3686 foramine
861 3645 942 3704 opus
961 3624 1115 3702 videatur,
1133 3625 1272 3687 maximo
1293 3625 1390 3686 accla-

393 3724 509 3786 mantis
528 3723 639 3804 populi
660 3723 816 3804 applausu
834 3722 908 3784 Dux
929 3723 1100 3802 Crapuliae
1121 3724 1286 3786 salutatur.
1330 3721 1391 3784 Cui

351 3853 381 3904 50
394 3822 498 3886 statim
537 3821 643 3904 regius
677 3819 850 3899 pocillator,
884 3821 977 3883 ssexis
1016 3820 1163 3900 genibus,
1205 3822 1392 3901 amphoram
