3142 4575
344 504 384 564 62
530 502 730 566 MUNDUS
759 502 916 566 ALTER
946 502 1004 565 ET
1034 502 1149 564 IDEM
1206 502 1336 611 [curui

296 733 300 740 ³
344 660 514 741 magionem
530 680 570 722 ex
586 661 693 734 alter0,
711 680 818 721 arcum
833 662 1079 739 pharetramque
1095 681 1114 721 a
1128 670 1218 740 tergo
1232 672 1336 741 gestat

299 838 302 843 Ι
345 779 470 839 quaqua
492 758 722 838 proficisciturr
751 758 897 837 quisquis
924 758 1049 819 obviam
1072 758 1159 820 venit
1183 760 1279 835 eunti,
1303 761 1336 821 ni

345 856 454 936 procul
477 856 568 917 cedat
590 856 648 932 via,
673 856 712 917 ad
734 876 874 935 pugnam
896 875 932 918 se
953 866 1042 935 paret
1063 857 1114 918 vel
1139 858 1179 918 ad
1202 868 1335 920 mortem

346 974 488 1036 necesse
499 964 555 1015 est.
603 954 725 1015 Rarum
746 954 808 1015 iter
827 965 877 1020 est
886 953 968 1024 -sine
980 954 1120 1016 *vulnere
1134 964 1202 1020 'aut
1219 957 1316 1019 caede
1326 979 1334 1034 ;

317 1062 376 1129 5et
399 1072 496 1131 quem.
517 1051 615 1114 semel
641 1051 834 1125 interfecerit
855 1052 939 1131 quiS,
959 1052 1165 1115 voracissime
1186 1054 1334 1132 dilaniat,

344 1162 515 1213 vescuntur
535 1150 619 1212 enim
641 1151 739 1211 cruda
760 1170 856 1212 carne
878 1170 1013 1230 semper,
1037 1152 1165 1231 saepius
1187 1151 1333 1229 humana,

344 1269 438 1329 quam
454 1250 537 1313 inter
550 1248 650 1328 dapes
664 1248 802 1309 maxime
816 1248 965 1329 opiparas
981 1260 1157 1311 numerant.
1183 1291 1186 1294 -
1289 1235 1298 1244 ⁴'

386 1347 492 1427 Leges
520 1346 562 1408 ibi
587 1346 712 1408 nullae:
744 1346 775 1407 vi
801 1357 833 1407 et
857 1348 954 1407 armis
979 1348 1086 1409 omnia
1110 1348 1340 1414 decernuntur:

347 1446 497 1508 Iniuriam
528 1446 643 1525 passus
674 1456 738 1506 aut
759 1444 921 1506 ulciscitur
945 1456 999 1507 aut
1030 1447 1213 1509 succumbit.
1259 1441 1336 1510 Uni·

302 1566 332 1600 10
345 1564 414 1608 cum
443 1544 504 1606 hoc
531 1543 622 1619 valet,
654 1542 784 1623 petitum
814 1562 855 1603 en=
883 1544 1013 1623 antiquo
1042 1544 1121 1620 iure,
1152 1548 1266 1607 ‘vuvca
1295 1566 1336 1608 er

345 1642 498 1705 muana?

357 1763 369 1767 ¹·
387 1740 505 1803 Duello
521 1742 592 1805 licet
610 1744 659 1805 v'el
675 1742 845 1804 vindictam
863 1753 981 1822 petere,
999 1742 1048 1804 vel
1068 1762 1159 1804 suum
1180 1754 1333 1825 repetere,

344 1840 395 1901 vel
410 1861 521 1921 rapere
536 1841 682 1903 alienum.-

353 1980 355 1985 -
386 1938 489 2001 Sedes
504 1939 626 2001 ducalis
635 1939 848 2002 Tarocchium
863 1950 920 2017 est,
937 1941 1014 2003 urbs
1029 1942 1143 2021 ingens
1158 1942 1215 2005 sed
1231 1941 1337 2021 lignea

303 2056 330 2105 ¹5
344 2048 409 2100 tota
418 2060 427 2115 ;
449 2050 542 2118 quam
557 2050 616 2100 nec¹
631 2058 671 2101 ex
687 2038 749 2100 alia
765 2038 897 2101 materia
914 2038 994 2101 strui
1013 2040 1097 2102 sinet
1112 2050 1279 2120 tyrannus,
1296 2060 1337 2101 ne

344 2156 409 2199 non
424 2134 501 2199 satis
516 2137 680 2199 commode
695 2135 806 2217 possit,
819 2136 874 2198 ubi
888 2137 973 2199 cives
988 2137 1188 2217 deliquerint,
1202 2157 1262 2217 pro
1277 2156 1336 2199 suo

344 2234 473 2298 arbitrio
506 2235 641 2298 incendi.
698 2233 802 2297 Nemo
836 2226 887 2297 hic
917 2234 1038 2297 habitat
1073 2239 1199 2316 praeter
1230 2236 1345 2298 fabros·

346 2333 502 2411 ferrarioS,
529 2334 703 2410 carnifices,
731 2333 853 2394 lanios:
886 2333 918 2393 in
943 2353 1078 2413 quorum
1101 2333 1241 2396 officinis
1269 2353 1338 2415 pro·

315 2456 319 2462 ·
346 2434 485 2512 pendent
500 2451 619 2512 pernae
633 2433 800 2507 humanae,
812 2420 876 2493 non
892 2422 986 2493 secus
1002 2451 1038 2492 ac
1053 2418 1138 2511 apud
1153 2451 1213 2493 nos
1227 2431 1338 2495 suillae

302 2553 334 2587 20
346 2541 399 2591 aut
423 2530 584 2592 vitulinae,
638 2528 732 2591 Hanc
757 2529 867 2590 lambit
892 2528 1019 2591 Zornus
1047 2528 1178 2591 Fluvius
1207 2529 1338 2609 rapidis·

346 2629 452 2705 simus
481 2645 574 2708 quem
604 2628 692 2690 aiunt
721 2627 826 2688 hieme
854 2628 966 2704 media,
992 2648 1052 2709 pro
1080 2638 1169 2690 more
1195 2627 1347 2704 fontium,-

346 2725 536 2789 incalesccre
551 2737 583 2789 et
598 2726 714 2788 halitus
730 2727 827 2789 edere
841 2726 1060 2790 maleolentes.

359 2850 362 2856 ·
389 2825 481 2888 luxta
511 2825 637 2906 tyranni
666 2825 739 2887 aula
767 2836 827 2902 est,
856 2825 956 2886 ardua
984 2825 1112 2906 quidem
1141 2836 1173 2886 et
1201 2825 1347 2903 excelsa,-

346 2925 445 2985 monti
466 2924 606 3004 praealto
628 2923 899 3003 superaedificata,
919 2943 1014 3003 quem
1036 2923 1096 3003 ipsi
1116 2922 1349 3005 Calavernium‘

303 3031 478 3100 a5vocant;
507 3021 675 3101 feruntque
703 3041 744 3083 ex
773 3013 1061 3084 craniishumanis
1085 3032 1271 3100 congestum
1300 3023 1339 3084 ad

347 3116 407 3178 lroc
430 3120 557 3181 tandem
586 3119 745 3200 fastigium
775 3120 923 3182 crevisse.
970 3118 1128 3180 Latericio
1154 3129 1261 3180 tamen
1287 3119 1340 3181 illa
1411 3143 1419 3158 ·

348 3225 378 3275 et
397 3216 460 3278 alto
475 3237 567 3286 muro
581 3218 773 3280 circumdata
782 3239 792 3296 ;
813 3218 890 3280 vivit
909 3217 993 3278 enirn
1010 3217 1063 3277 ille
1082 3235 1210 3294 semper
1224 3216 1340 3278 dubius

326 3329 477 3380 ,suorum
499 3315 583 3394 fidei,
608 3316 789 3396 mavultque
816 3315 941 3377 ferratis
965 3313 1066 3394 portis
1089 3332 1183 3392 quam
1209 3331 1350 3376 suorum*

348 3411 448 3484 amori
462 3422 493 3474 et
507 3415 727 3477 observantiae
743 3413 929 3476 confidere-.-

305 3525 337 3574 30
391 3507 546 3588 Stipatum
567 3511 652 3574 hunc
671 3511 776 3574 ferunt
795 3510 906 3580 decem
925 3509 1064 3570 millibus
1082 3508 1268 3570 carnificum
1286 3510 1339 3591 qui

349 3621 460 3669 omnes
478 3606 571 3670 huius
589 3619 621 3671 et
640 3610 707 3671 irae
721 3608 898 3670 inserviunt
908 3616 943 3667 et
957 3605 1070 3685 palato.
1105 3603 1151 3665 si
1166 3605 1238 3684 quis
1252 3616 1339 3686 pere·

348 3700 467 3788 prinus,
492 3723 597 3766 rerum
623 3705 761 3785 ignarus,
787 3705 850 3765 huc
874 3701 1018 3764 fortassis
1043 3700 1207 3778 appulerit,
1234 3704 1339 3764 statim

349 3815 401 3859 res
416 3798 483 3860 fisci
494 3810 545 3879 ,est
559 3801 792 3880 apponiturque
807 3799 880 3862 duci
894 3816 992 3860 cenae
1007 3806 1120 3875 caput;
1141 3816 1205 3875 quo
1220 3817 1356 3876 genere-
