3142 4575
230 578 301 622 car.
318 556 356 640 11]
618 555 839 619 MORONIA
1182 572 1222 635 53

273 712 376 778 Nemo
400 714 532 776 istorum
552 712 640 775 solus
662 732 802 793 unquam
825 721 874 775 est
885 732 894 789 ;
924 721 1025 774 semet
1046 710 1131 773 enim
1150 710 1224 773 allo·

231 814 338 895 quitur
361 813 485 893 sibique
516 812 687 891 respondet
715 809 854 871 vicissim
867 831 876 886 3
912 829 1021 871 secum
1049 808 1128 871 ludit
1156 808 1224 889 ipse

231 932 296 974 non
317 911 386 973 sine
407 930 524 991 magna
542 910 757 986 contentione,
776 909 947 989 aliquando
970 909 1064 971 etiam
1084 916 1117 970 et
1137 907 1224 984 rixis,

232 1011 395 1090 risumque
410 1009 470 1071 sibi
486 1018 539 1071 aut
554 1008 699 1071 lacrimas
714 1018 821 1069 movet
835 1006 980 1069 ubertim.

275 1110 336 1172 Per
360 1128 473 1171 omnes
504 1106 670 1169 Moroniae
696 1118 803 1187 partes
827 1116 985 1187 vagantur
1012 1103 1256 1186 religiosiores5

232 1207 356 1287 quidam
390 1205 587 1286 Morosophi,
619 1206 651 1267 in
684 1205 791 1267 varios
827 1204 960 1266 ordines
992 1204 1140 1280 distincti,
1173 1203 1228 1284 qui

232 1305 345 1367 eodem
359 1304 428 1366 istis
443 1304 475 1364 in
487 1304 557 1365 loco
568 1302 726 1365 habentur
737 1323 801 1383 quo
815 1302 916 1364 Bonzi
931 1303 1016 1383 apud
1028 1301 1228 1379 Chinenses;

232 1403 319 1484 pium
339 1421 442 1484 genus
462 1402 628 1464 hominum
650 1421 686 1464 ac
709 1402 893 1481 lepidulum.
938 1400 1132 1463 Exciderunt
1151 1400 1228 1461 mihi

233 1501 299 1563 fere
314 1500 462 1564 classium
478 1499 629 1577 nomina;
652 1501 851 1579 quarundem
873 1519 974 1561 sonus
993 1500 1104 1562 haeret
1122 1499 1228 1561 etiam-

173 1680 177 1685 ·
233 1620 316 1674 num,
348 1600 399 1661 vel
433 1608 518 1661 certe
551 1618 616 1660 non
650 1598 782 1659 multum
817 1598 979 1660 absimilis.
1033 1597 1090 1660 Isti
1123 1598 1230 1661 omnia
1244 1628 1300 1663 10.

234 1719 314 1779 quae
353 1698 469 1759 habent
502 1696 679 1776 largiuntur
714 1695 793 1769 aliis,
830 1696 892 1776 ipsi
932 1696 1122 1760 mendicant.
1177 1696 1229 1758 Ad

234 1806 396 1858 extremos
434 1784 618 1857 Moroniae
635 1792 717 1856 fines
750 1794 914 1857 ambulant
947 1796 1034 1857 nudo
1069 1796 1160 1877 pede,
1196 1804 1231 1855 ut

235 1893 389 1955 caelatum
404 1892 542 1973 lapidem
557 1892 745 1969 intueantur,
764 1892 972 1973 alloquantur,
986 1894 1229 1968 exosculentur;

234 1991 284 2052 cui
304 1992 434 2053 demum
459 1990 622 2070 supplices
648 1990 808 2070 provoluti
834 1990 971 2053 offerunt
992 2011 1135 2068 munera,
1155 2002 1230 2053 vota
1305 1976 1310 1982 ’

238 2087 382 2153 fundunt.
410 2131 412 2134 -
439 2089 562 2150 Aurum
602 2088 732 2167 plumbo
767 2099 890 2151 mutant
926 2101 958 2175 et
993 2090 1227 2151 membranulis
1245 2112 1272 2161 15

237 2186 359 2251 Cereos
387 2188 564 2249 accendunt
589 2186 730 2248 meridie.
784 2187 891 2250 Carne
915 2188 1001 2249 vesci
1030 2187 1142 2268 religio
1168 2188 1230 2250 illis

235 2297 302 2364 est;
329 2287 471 2368 piscibus
493 2287 533 2348 ad
554 2287 715 2366 crapulam
741 2285 824 2349 licet.
866 2287 991 2350 Aurum
1021 2290 1108 2350 nuda
1135 2307 1230 2349 manu

236 2396 443 2466 argentumve
457 2395 589 2466 tangere
604 2385 795 2464 quibusdam
809 2386 934 2466 piaculo
949 2398 1006 2450 est.
1052 2386 1230 2448 Hominum

236 2483 289 2545 vix
298 2503 490 2565 quemquam
500 2484 639 2546 salutant
651 2485 659 2545 l
679 2484 800 2545 nullum
811 2505 874 2546 non
886 2485 1022 2566 lapidem
1033 2496 1086 2547 aut
1097 2485 1228 2565 lignum.

239 2581 264 2642 F
267 2583 389 2664 lagellis
411 2602 446 2644 se
474 2581 590 2644 misere
618 2583 799 2663 mastigant,
825 2582 892 2644 sive
916 2584 1002 2663 quod
1030 2603 1126 2646 nemo
1148 2584 1229 2646 alius
1244 2603 1275 2637 20
1314 2633 1319 2638 .

236 2691 360 2762 tergum
386 2701 478 2742 suum
504 2679 569 2741 illis
596 2680 782 2760 poliendum
808 2680 849 2742 sit
874 2681 1139 2759 commodaturus,
1163 2681 1230 2743 sive

237 2779 322 2858 quod
351 2779 426 2841 olim
454 2779 626 2840 vitulorum
660 2777 848 2857 sanguinem
882 2777 952 2840 Deo
980 2790 1104 2859 gratum
1132 2779 1231 2841 fuisse

237 2876 424 2957 acceperint.
466 2875 628 2938 Verticem
651 2877 776 2952 radunt,
799 2875 849 2936 vel
871 2876 957 2955 quod
979 2876 1039 2937 levi
1063 2876 1170 2939 cranio
1196 2896 1231 2937 se

237 2987 329 3037 natos
357 2974 567 3060 meminerint,
594 2973 645 3035 vel
674 2973 715 3035 ad
739 2972 878 3036 calorem
906 2975 1029 3035 cerebri
1054 2985 1232 3054 temperan-

237 3073 321 3149 dum,
338 3074 389 3136 vel
406 3094 447 3135 ne
462 3073 568 3134 crines
588 3071 671 3133 inter
686 3072 809 3134 caelum
827 3082 858 3132 et
877 3071 1043 3133 cerebrum
1063 3085 1232 3137 nascentes
1246 3096 1275 3146 ²⁵

237 3171 462 3252 impedimento
503 3170 574 3244 sint,
612 3188 653 3231 ne
688 3168 790 3231 libera
824 3188 915 3231 mens
951 3169 1102 3232 caelestia
1136 3171 1231 3234 medi·

237 3280 330 3333 tetur.

279 3366 314 3429 Si
329 3367 402 3448 quis
417 3368 531 3430 horum
546 3367 765 3446 aegrotaverit,
787 3365 968 3428 lacrimatur
987 3367 1113 3445 affatim,
1130 3389 1231 3450 usque
1291 3437 1295 3444 ,

237 3467 313 3528 dum
324 3467 376 3528 vel
391 3467 544 3527 moriatur
558 3465 609 3526 vel
624 3464 835 3527 convalescat.
880 3462 1115 3528 Medicamenta
1125 3467 1232 3530 omnia

237 3564 432 3645 pertinacius
458 3574 654 3640 aversantur,
681 3573 803 3625 tantum
825 3562 1005 3625 moribundi
1029 3563 1101 3624 oleo
1123 3585 1142 3625 a
1162 3564 1230 3625 suis
1245 3587 1275 3636 30

240 3663 445 3745 Morosophis
459 3663 664 3744 inunguntur,

279 3762 477 3844 Sapientiam
499 3783 563 3824 non
584 3763 754 3824 metiuntur
771 3762 899 3825 silentio
919 3761 1050 3843 (quippe
1069 3763 1155 3844 quod
1178 3782 1231 3826 res

238 3861 332 3924 etiarn
347 3861 505 3923 inanimae
522 3861 555 3922 id
575 3861 690 3924 iaciant
709 3861 807 3937 ultro)
829 3861 886 3922 sed
905 3863 1075 3923 verborum
1092 3863 1228 3936 delectu,
