3142 4575
242 565 316 610 cnr.
332 543 380 629 tv]
620 544 860 609 LAVERNIA
1196 549 1236 627 87

243 705 329 785 quod
357 702 402 765 illi
431 702 534 784 palam
563 713 595 765 et
626 705 686 764 sub
714 704 776 782 dio,
808 704 840 767 bi
874 706 943 767 sine
976 705 1109 767 testibus
1141 715 1238 785 agunt

244 803 339 865 domi.

287 901 351 963 Hic
382 899 520 962 interdiu
549 899 726 980 quiescunt,
756 911 851 963 noctu
880 921 956 965 vero
989 921 1115 982 semper
1145 921 1236 982 nego·

243 1003 370 1065 tiantur.
414 999 524 1062 Solem
547 1019 625 1080 ergo
646 1000 733 1062 velut
758 1000 944 1062 mortalibus
972 1000 1103 1063 noxium
1131 999 1237 1064 lumen

246 1100 477 1162 abominantur.
523 1097 647 1162 Lunam
668 1099 776 1161 colunt
798 1111 832 1161 ut
853 1099 1072 1161 caelicolarum
1092 1099 1264 1184 omnium5

245 1196 514 1278 benignissimam.

285 1295 428 1359 Arbores
453 1295 500 1357 sic
523 1315 583 1357 sua
609 1305 723 1358 natura
747 1295 887 1357 viscidae
916 1305 989 1357 sunt
1016 1307 1050 1358 ut
1074 1297 1237 1358 volucrum

247 1405 399 1476 quotquot
413 1386 544 1456 ramulis
564 1393 703 1456 insident
721 1393 805 1456 illico
820 1393 1021 1471 adhaereant,
1038 1395 1238 1475 praedaeque

245 1493 308 1556 sint
322 1492 506 1556 viatoribus.
896 1555 898 1562 s

288 1590 464 1654 Maximum
487 1590 583 1652 huius
604 1589 787 1671 provinciae
810 1591 984 1670 emporium
1007 1602 1038 1653 et
1063 1591 1158 1672 longe
1181 1591 1282 1660 fre-10

247 1689 488 1771 quentissimum
505 1687 685 1752 Bolsecium
705 1689 828 1765 dicitur,
844 1689 935 1750 cuius
955 1699 1061 1750 tamen
1082 1689 1142 1751 vici
1164 1690 1236 1764 du0,

249 1787 402 1851 Palatium
420 1799 451 1850 et
468 1787 641 1869 Fripperia,
659 1807 771 1849 omnes
792 1807 871 1867 quas
890 1787 956 1849 vidi
976 1787 1099 1849 urbium
1119 1787 1239 1868 plateas

246 1906 380 1949 numero
395 1886 563 1949 excedunt.

289 1982 329 2046 Et
349 2004 427 2047 sane
441 1983 674 2046 causidicorum
691 1983 778 2046 nulla
793 1985 852 2046 sub
867 1983 954 2046 caelo
969 1994 1032 2046 tam
1047 1983 1136 2046 ferax
1151 1985 1240 2066 regio

248 2094 303 2159 est,
327 2083 391 2164 qui,
414 2084 442 2146 si
464 2082 543 2143 nihil
565 2093 614 2144 est
635 2082 745 2159 litium,
766 2082 838 2144 lites
862 2093 981 2145 serunt.
1027 2081 1152 2144 Horum
1175 2102 1239 2145 non
1256 2116 1283 2167 ¹5

246 2182 351 2244 minor
382 2182 432 2243 hic
467 2201 620 2244 numerus
653 2191 702 2242 est
730 2183 825 2260 quam
859 2181 890 2242 in
919 2180 1240 2266 Westmonasteriolo

247 2291 357 2344 nostro
372 2279 519 2360 capitum.
563 2279 755 2361 Quanquam
770 2301 848 2343 vero
866 2279 969 2343 indies
992 2291 1140 2344 creantur
1156 2282 1237 2356 novi,

247 2379 316 2442 fieri
330 2391 436 2442 tamen
452 2399 517 2441 non
530 2389 644 2460 potest,
655 2389 690 2439 ut
705 2379 750 2439 illi
762 2389 874 2460 putant
887 2379 940 2459 qui
952 2378 984 2439 in
997 2380 1093 2443 rebus
1104 2380 1241 2461 politicis

247 2478 352 2558 lyncei
365 2478 425 2540 sibi
440 2478 597 2553 videntur,
615 2478 691 2558 quin
710 2478 842 2540 istorum
860 2498 1011 2540 numerus
1031 2480 1240 2559 inposterum

248 2577 430 2655 decrescat;
452 2596 525 2639 nam
537 2576 591 2638 ubi
606 2576 761 2657 litigando
776 2587 873 2639 totam
889 2576 970 2639 inter
985 2598 1020 2640 se
1034 2578 1237 2658 provinciam.
1254 2606 1285 2642 ιο

249 2676 335 2755 quod
350 2674 411 2737 iam
427 2675 493 2738 fere
510 2675 554 2752 fit,
570 2676 677 2756 partiti
692 2687 794 2751 erunt,
812 2676 981 2737 clientibus
994 2677 1147 2757 deinceps
1164 2677 1240 2739 indi·

248 2783 344 2853 geant
362 2794 495 2836 necesse
515 2784 582 2836 est:
605 2794 669 2854 quo
686 2773 739 2835 fiet
755 2785 789 2835 ut
808 2773 840 2834 in
861 2793 897 2835 se
916 2774 1057 2836 involent
1076 2786 1193 2852 mutu0,
1211 2787 1241 2839 et

249 2872 329 2935 alter
351 2872 441 2934 alteri
464 2873 652 2934 commissus
679 2872 762 2933 male
783 2882 875 2950 parta
899 2872 1032 2952 dissipet
1060 2874 1092 2934 in
1116 2874 1239 2955 vulgus

249 2968 426 3051 futurisque
437 2970 606 3051 nepotibus
621 2971 724 3033 locum
736 2970 934 3031 exercendae
946 2969 1041 3031 huius
1052 2971 1128 3033 artis
1140 2972 1241 3057 magis
1311 3037 1313 3042 .

249 3066 409 3130 lucrosum
421 3079 519 3148 paret.
558 3067 684 3132 Horum
700 3068 802 3129 servis
816 3066 931 3129 usitata
945 3086 1071 3147 semper
1083 3080 1131 3130 est
1141 3070 1239 3133 vestis
1253 3100 1283 3148 ²5

249 3166 381 3242 bicolor,
395 3175 430 3227 ut
448 3167 521 3227 hinc
543 3166 675 3229 innuant
695 3166 849 3228 inservire
867 3186 902 3227 se
918 3165 1055 3228 dominis
1072 3169 1112 3229 ad
1130 3177 1241 3230 utram·

248 3264 298 3326 vis
312 3284 428 3327 causae
442 3276 563 3344 partem
580 3265 817 3345 suscipiendam
831 3265 1049 3346 paratissimis

291 3361 472 3424 Incolarum
482 3363 633 3443 plerique,
639 3363 829 3443 Alpinorum
841 3384 936 3438 more,
948 3373 1068 3425 struma
1078 3364 1221 3427 laborant
1233 3388 1239 3427 :

247 3460 478 3541 Argyranchen
488 3471 602 3522 vocant
613 3461 737 3524 medici.
761 3460 826 3537 Qui
838 3462 968 3522 morbus
980 3462 1022 3522 ita
1030 3462 1169 3542 vulgaris
1180 3475 1237 3538 est,

249 3568 282 3620 ut
293 3579 388 3620 nemo
399 3560 503 3621 locum
515 3549 661 3621 aflectum
669 3560 721 3622 vel
733 3571 878 3622 sanatum
890 3559 965 3621 velit
977 3560 1024 3622 vel
1038 3561 1236 3624 occultatum.
1252 3588 1283 3635 30

290 3656 358 3719 Nec
381 3658 447 3720 scio
467 3678 549 3737 quae
569 3669 691 3721 secreta
707 3659 807 3721 virtus
830 3660 961 3721 istorum
982 3660 1044 3721 cuti
1066 3659 1165 3721 indita
1187 3663 1238 3738 sit,

248 3766 282 3817 ut
307 3776 370 3817 non
396 3756 501 3817 minus
525 3768 691 3837 argentum
715 3758 852 3819 attrahat
874 3758 914 3819 ad
936 3778 970 3819 se
993 3778 1085 3839 quam
1107 3778 1238 3839 magnes

162 3928 165 3933 ,
248 3853 374 3925 serrum,
391 3872 449 3916 nec
465 3853 571 3916 minus
585 3865 750 3917 attractum
764 3856 908 3919 retineat.
