3142 4575
227 556 301 600 cnr.
317 535 342 618 1]
616 530 832 595 YVRONIA
1093 548 1095 552 ·
1181 546 1220 605 25

270 691 317 751 Ex
340 689 485 767 orientali
507 698 597 769 parte
622 688 780 749 doliorum
802 683 973 767 aggeribus
997 684 1097 765 probe
1118 684 1220 743 cincta

228 800 276 851 est
286 794 301 866 ;'
330 807 462 867 quorum
497 788 591 849 etiam
627 786 725 847 costis
760 785 970 846 domunculae
1004 802 1116 844 omnes
1136 781 1221 842 obte-

228 892 353 967 guntur.
902 871 906 878 ¹

271 983 308 1045 In
324 984 394 1063 ipso
409 996 521 1064 portae
535 984 695 1047 vestibulo
710 982 771 1045 sita
786 993 835 1045 est
849 1004 868 1043 a
882 1002 975 1043 mane
990 982 1029 1042 ad
1043 999 1219 1059 vesperam,

179 1128 181 1142 ,
230 1102 328 1143 enon
342 1082 492 1145 violando
508 1083 588 1162 legis
604 1082 813 1162 praescripto,
829 1081 983 1161 amphora
1002 1079 1251 1159 praegrandis.5

179 1184 182 1189 ’
232 1180 384 1242 Poculum
397 1180 565 1261 Hospitale
580 1201 639 1242 sua
653 1180 761 1259 lingua
772 1189 886 1240 vocant
897 1179 1002 1240 cives:
1020 1177 1110 1237 cuius
1124 1196 1222 1236 ansae

231 1278 419 1358 insculptum
430 1290 480 1341 est
491 1289 582 1340 vetus
594 1277 681 1355 illud,
694 1282 775 1338 ‘nur
788 1295 886 1337 aruns
897 1295 964 1336 nur
976 1273 1105 1335 nasas)
1128 1273 1221 1347 Quis·

215 1409 217 1415 1
232 1377 302 1456 quis
318 1378 495 1456 ingreditur
509 1387 564 1442 aut
578 1386 683 1443 totam,
693 1375 792 1437 ebibit
811 1386 866 1437 aut
886 1371 1008 1461 sistitur
1026 1371 1222 1451 magistratui

231 1474 387 1537 rationem
402 1474 618 1536 contumaciae
632 1474 823 1535 redditurus.

272 1572 419 1655 Superne
440 1574 564 1653 sculpta
578 1573 643 1635 vidi
661 1573 749 1634 urbis
771 1572 916 1651 insignia,
934 1570 1112 1633 hirudinem
1134 1569 1221 1630 nudo
1236 1590 1267 1628 ιο

230 1673 305 1753 pedi
341 1673 570 1748 inhaerentem,
601 1690 671 1731 cum
703 1672 802 1733 verbo
831 1671 918 1731 iuxta
945 1669 1059 1750 posito,
1099 1672 1222 1728 ‘risus

231 1774 390 1844 qumsco⁵

274 1869 338 1931 llic
353 1890 425 1950 ego,
440 1889 593 1951 perquam
610 1879 696 1932 certe
711 1879 898 1950 opportune,
913 1868 1047 1929 conveni
1064 1865 1222 1945 hospitem

233 1969 295 2029 iam
324 1969 434 2029 urbem
465 1969 676 2049 ingressurus
704 1968 864 2029 hominem
893 1966 1106 2047 peregrinum,
1129 1973 1224 2043 gente

234 2066 436 2146 Loqanicum.
484 2066 516 2127 Is
538 2086 588 2128 me
611 2068 670 2139 sub
690 2086 825 2145 vespera
846 2065 1023 2126 clanculum
1048 2060 1223 2123 introduxit
1238 2084 1268 2133 15

232 2185 269 2226 ac
283 2165 381 2226 multa
395 2165 502 2225 docuit
517 2184 599 2243 quae
614 2164 682 2243 ipse
698 2164 806 2224 nullus
821 2162 1113 2241 deprehendissem.

273 2262 499 2325 Aedificiorum
529 2272 560 2322 et
586 2262 717 2324 materia
743 2271 774 2323 et
800 2271 959 2324 structura
983 2279 1048 2322 non
1072 2256 1226 2322 absimilis

236 2361 509 2440 Pamphagonicis,
532 2359 593 2422 nisi
614 2361 699 2440 quod
719 2360 860 2422 anterior
880 2379 956 2440 pars
977 2359 1143 2420 domorum
1161 2357 1225 2419 vite

233 2460 384 2522 continua
403 2459 448 2520 sic
463 2443 595 2538 prorsus
616 2459 794 2536 obducitur,
811 2469 853 2534 ut,
871 2459 903 2519 ni
926 2457 1130 2537 undiquaque
1151 2475 1225 2536 pen-

234 2559 347 2620 derent
368 2558 570 2618 tabernarum
590 2557 735 2636 insignia,
752 2557 894 2636 profecto
916 2557 948 2617 in
968 2555 1073 2617 media
1086 2565 1118 2616 te
1131 2553 1224 2615 vinea
1238 2577 1271 2612 πο

234 2667 364 2736 putares
399 2647 623 2717 obambulare:
658 2655 886 2734 spectaculum,
911 2653 1028 2730 hercle,
1051 2673 1115 2714 non
1147 2651 1224 2712 iniu-

234 2756 382 2834 cundum.
674 2767 676 2775 '
1038 2819 1040 2821 ,

276 2853 361 2916 Nudi
384 2855 538 2916 'incedunt
563 2853 695 2930 incolae,
722 2854 783 2916 nisi
809 2854 896 2934 quod
919 2852 1060 2914 omnium
1081 2861 1226 2930 tempora

234 2953 412 3033 pampineis
446 2952 575 3014 corollis
605 2953 856 3024 adumbrantur:
897 2958 971 3012 'cute
1005 2962 1111 3012 tamen
1146 2949 1225 3009 mire

235 3051 365 3132 depicta,
398 3062 540 3112 veterum
575 3050 804 3111 Britannorum
839 3069 937 3124 more,
971 3048 1066 3109 huius
1097 3047 1224 3126 quidem
1239 3070 1270 3120 ²5

235 3149 383 3225 centauri,
423 3149 508 3210 illius
544 3148 732 3228 tragelaphi,
774 3148 905 3210 alterius
943 3145 1107 3208 columbae
1141 3143 1225 3205 alitis

235 3247 436 3311 bibacissimi.
482 3246 538 3307 Est
560 3257 591 3308 et
613 3267 707 3326 quem
729 3266 843 3307 cernas
860 3246 1032 3324 amphorae
1047 3244 1225 3306 formatam

234 3347 405 3408 artificiose
426 3346 695 3425 superinductum,
723 3355 756 3405 ut
778 3344 917 3405 brachiis
939 3343 1029 3404 lateri
1055 3340 1226 3404 incurvatis

234 3446 337 3506 vivam
352 3444 475 3506 iurares
490 3444 683 3523 amphoram.

273 3543 416 3605 Ardebat
437 3543 514 3603 mihi
539 3543 664 3603 animus
688 3542 849 3622 publicum
875 3541 1064 3603 convivandi
1092 3559 1222 3616 morem,
1238 3563 1272 3614 30

234 3643 311 3704 clam
328 3643 457 3718 civibus,
474 3641 598 3702 intueri.
628 3641 688 3702 Cui
704 3641 830 3701 demum
846 3640 957 3700 annuit
971 3640 1107 3718 hospes:
1129 3659 1223 3718 quan·

235 3761 328 3821 quam
345 3760 408 3800 non
425 3739 494 3800 sine
509 3738 662 3818 plurimis,
679 3738 780 3817 iisque
796 3738 889 3798 seriis
904 3737 1117 3817 periculorum
1137 3758 1223 3816 prae·

234 3839 470 3913 monitionibus,
485 3856 672 3916 morumque
684 3837 884 3897 documentis
898 3859 905 3897 :
927 3836 1042 3915 quibus
1054 3857 1114 3915 ego
1123 3837 1224 3916 probe
