3142 4575
234 573 306 617 cnr.
322 553 383 649 vu]
621 554 842 637 MORONIA
1187 572 1227 632 73

233 709 467 791 presentiaque,
498 718 625 789 tamque
661 708 749 789 larga
782 728 878 769 manu
912 708 1107 789 profundere
1141 708 1226 771 inex·

233 809 365 871 haustas
386 806 620 869 munificentiae
636 826 715 887 opes
730 815 771 881 ut,
790 805 941 887 quicquid
957 808 1084 869 demum
1098 806 1229 869 credula

232 908 347 970 saltem
359 916 463 968 mente
478 905 549 986 quis
564 906 668 966 bonus
682 904 817 985 petierit,
829 914 942 985 satque
956 904 1011 968 diu
1025 904 1226 986 exspectarit,

232 1025 297 1068 non
312 1003 416 1086 possit
429 1024 495 1065 non
510 1002 681 1083 aliquando
696 1001 874 1083 impetrare.
919 1042 922 1049 -

274 1102 454 1167 Convolant
473 1100 535 1163 huc
554 1121 595 1163 ex
614 1099 762 1162 omnibus
779 1110 883 1163 terrae
901 1100 1005 1181 plagis
1025 1100 1143 1165 nullius
1163 1122 1258 1182 non5

233 1202 354 1279 aetatis,
391 1220 498 1278 sexus,
534 1198 726 1262 conditionis
765 1199 920 1277 homines,
956 1220 997 1262 ex
1035 1199 1088 1280 pia
1123 1210 1229 1262 tamen

235 1300 385 1364 Moronia
404 1296 674 1379 frequentissimi:
695 1317 755 1360 nec
777 1298 849 1379 quis
869 1298 936 1360 fere
957 1308 1006 1359 est
1027 1297 1060 1359 in
1081 1308 1147 1361 toto
1169 1299 1229 1360 hoc

233 1401 311 1462 orbe
335 1399 416 1461 adeo
443 1398 494 1461 vel
523 1396 682 1477 impotens
709 1396 760 1459 vel
789 1396 925 1459 eximius
952 1396 1028 1477 quin
1056 1396 1228 1477 aliquando

234 1507 374 1559 montem
396 1497 481 1559 hunc
502 1506 534 1559 et
554 1494 759 1576 conspexerit
780 1507 823 1573 et,
844 1494 898 1556 ubi
919 1494 1015 1571 licuit,
1037 1496 1226 1559 ascenderit.

234 1595 382 1672 ‘Semet’
398 1596 492 1673 enim,
510 1594 737 1657 ‘insanivimus
751 1593 886 1656 omnes?
1243 1619 1274 1655 ιο

274 1693 373 1757 Strati
392 1694 496 1756 iacent
517 1693 549 1755 in
563 1693 646 1755 valle
663 1692 822 1755 innumeri
839 1692 979 1769 clientes,
997 1714 1062 1757 non
1081 1715 1174 1758 secus
1193 1716 1230 1757 ac

231 1792 352 1873 globuli
367 1792 567 1854 candidiores
584 1792 747 1854 obducunt
761 1790 899 1869 semitas,
913 1792 966 1854 ubi
981 1792 1228 1873 grandinaverit,

232 1900 343 1953 nutum
361 1890 469 1952 Bonae
494 1890 582 1953 Deae
605 1890 754 1971 religiose
776 1890 969 1971 praestolati.
1016 1890 1085 1953 Nec
1106 1890 1154 1954 fas
1169 1891 1231 1953 cui·

232 2008 327 2068 quam
348 1988 461 2050 audaci
482 1988 564 2069 pede
586 2008 710 2050 sacrum
731 1988 845 2051 collem
867 1986 1140 2070 premere'donee,
1158 1989 1230 2051 albo

232 2086 349 2150 vexillo
373 2107 392 2148 a
416 2086 646 2149 Sacerdotibus
671 2086 865 2150 Castellanis
893 2098 1034 2163 extenso,
1065 2088 1166 2151 otium
1194 2107 1273 2164 ac15

232 2186 426 2247 voluntatem
446 2204 537 2247 suam
555 2184 637 2247 Diva
656 2184 891 2266 significaverit.
936 2186 1084 2266 Dumque
1099 2186 1229 2248 nimium

232 2284 390 2362 festinant,
420 2284 500 2346 alter
532 2283 621 2347 alteri
651 2283 734 2346 viam
767 2283 914 2362 obstruit,
943 2305 1002 2348 nec
1033 2284 1095 2347 dici
1127 2281 1232 2367 potest

232 2395 369 2464 quantae
392 2383 466 2446 hinc
492 2383 581 2445 rixae
606 2383 734 2462 saepius
759 2383 910 2459 oriantur,
935 2384 1031 2446 immo
1052 2394 1084 2448 et
1106 2405 1231 2466 pugnae

232 2504 342 2564 parum
367 2482 539 2563 aliquando
570 2481 692 2544 siccae:
722 2501 796 2542 nam
827 2481 953 2562 praeire
974 2482 1085 2545 volunt
1107 2503 1230 2561 omnes,

233 2600 328 2643 nemo
343 2582 459 2643 cedere
481 2579 613 2643 meliori.
660 2578 813 2641 Premunt
834 2590 994 2643 astantes:
1015 2582 1229 2662 praecedenti·
1243 2610 1275 2645 ιο

232 2679 293 2740 bus
308 2679 471 2741 invident:
493 2677 716 2741 remotioribus
730 2677 875 2742 illudunt.

272 2776 348 2839 Vidi
365 2775 435 2840 istic
450 2778 585 2859 laterum
604 2775 750 2839 fortassis
769 2775 979 2840 infirmiorum
994 2780 1158 2860 quosdam,
1174 2781 1229 2861 qui

232 2875 264 2935 in
284 2875 343 2938 hac
363 2877 447 2937 valle
469 2895 572 2955 paene
593 2874 759 2937 senuerint
770 2895 779 2952 ;
801 2875 917 2956 quibus
938 2897 998 2938 nec
1019 2878 1123 2940 adhuc
1138 2880 1231 2940 datur

210 2955 217 2973 ’
232 2973 431 3054 ingrediendi
446 2973 582 3036 licentia.

250 3097 253 3106 ·
273 3071 360 3147 Quid
384 3071 430 3134 rei
450 3081 547 3152 agant
568 3071 601 3132 hi
622 3091 736 3135 omnes
757 3072 886 3154 rogitas,
905 3072 1028 3152 Lector,
1045 3061 1077 3138 et
1095 3076 1230 3139 miraris.
1244 3100 1275 3150 ²5

155 3185 158 3194 ·
233 3170 328 3232 Certe
344 3170 529 3233 convocavit
540 3189 653 3234 omnes
667 3171 808 3235 habendi
822 3171 987 3252 cupiditas,
1001 3173 1130 3236 retinuit
1144 3196 1230 3256 spes,

232 3287 347 3348 nempe
360 3279 434 3330 vota
455 3268 594 3331 facturos
608 3288 753 3350 quosque
772 3281 816 3347 ut,
835 3269 937 3333 Divae
955 3271 1119 3349 beneficio,
1137 3293 1230 3354 exop-

231 3377 296 3428 tato
313 3368 442 3428 tandem
456 3369 541 3430 bono
556 3368 652 3448 potiri
667 3368 768 3431 liceat.
805 3367 922 3430 Notavi
930 3368 982 3431 hic
991 3369 1086 3431 alium
1098 3384 1231 3452 negatos

234 3475 435 3545 precaturum
458 3487 584 3530 amores
596 3488 605 3544 ;
631 3466 728 3529 alium
749 3487 861 3548 pacem
882 3469 978 3530 modo
1003 3469 1210 3533 domesticam
1221 3494 1230 3551 ;

233 3564 329 3626 aliurn
361 3565 503 3628 honores
515 3588 524 3643 ;
564 3564 691 3627 divitias
725 3565 832 3642 alium,
866 3565 961 3627 alium
990 3567 1103 3646 patrui,
1137 3570 1231 3634 nimis
1243 3587 1276 3637 30

232 3662 293 3724 iam
309 3663 464 3744 longaevi,
481 3665 586 3726 funus
630 3663 771 3727 Sedebat
792 3664 844 3725 hic
865 3684 965 3745 prope
988 3676 1111 3746 portam
1125 3688 1232 3750 super·

233 3760 363 3824 ciliosus
379 3762 507 3842 quidam
530 3783 635 3826 rerum
657 3762 817 3840 dominuS,
833 3763 1024 3826 novissimae
1044 3765 1229 3845 proximam,

233 3859 279 3920 uti
302 3861 416 3937 ferunt,
441 3861 658 3924 monarchiam
680 3861 858 3942 petiturus:
883 3861 934 3923 hic
956 3862 1116 3926 deformes
1136 3886 1232 3945 quae·
