3142 4575
346 558 387 635 84
532 556 732 619 nunnus
762 558 918 619 Acran
950 559 1006 621 ur
1038 560 1152 621 mun
1211 537 1344 643 [ω

347 714 435 791 erint,
467 714 510 775 ita
538 723 573 775 ut
601 714 756 795 flagrante
785 715 902 777 delicto
930 715 1021 779 facile
1050 719 1338 797 deprehendantur,

345 812 496 892 vapulant
520 812 613 875 illico.
658 812 804 876 Tandem
829 814 883 875 ubi
904 816 1110 892 adoleverint,
1134 828 1188 881 aut
1215 830 1340 882 anatem

346 922 400 973 aut
414 930 559 973 anserem
579 922 632 973 aut
647 912 722 992 quid
737 913 892 992 grandius
914 913 1017 975 indies
1032 910 1158 994 oportet
1172 916 1339 995 suffurari,

348 1028 406 1071 nec
429 1008 558 1089 impune
580 1009 664 1071 diem
685 1010 875 1090 transigunt,
898 1010 931 1072 in
953 1032 1016 1091 quo
1042 1032 1109 1073 rem
1135 1014 1340 1077 domesticam

319 1108 446 1182 5nihilo
472 1108 629 1171 auxerint.
673 1109 769 1185 Quod
795 1110 822 1171 si
847 1110 926 1171 satis
949 1111 1126 1174 constiterit
1146 1134 1276 1193 operam
1301 1117 1341 1177 ab

346 1206 426 1287 ipsis
441 1217 587 1268 navatam
600 1216 738 1285 strenue,
750 1228 815 1269 non
826 1228 926 1287 aeque
936 1209 1139 1287 successisse,
1150 1222 1205 1272 aut
1215 1213 1340 1292 glebam

346 1326 387 1366 ex
408 1324 486 1385 agro
501 1304 614 1380 vicine,
631 1316 686 1367 aut
708 1306 865 1366 ramulum
883 1306 1055 1387 surripiant
1074 1327 1207 1372 necesse
1227 1319 1282 1385 est,
1301 1330 1341 1371 ne

347 1403 427 1465 sorte
443 1404 664 1465 desuescendo
679 1403 756 1465 liant
772 1404 955 1484 ineptiores

389 1500 455 1562 Sed
480 1502 560 1563 haec
586 1500 618 1562 in
644 1500 722 1581 ipsis
748 1502 927 1563 Phenaciae
948 1502 1065 1565 linibus
1086 1506 1256 1585 praecipue
1279 1526 1341 1568 cer·
1404 1572 1406 1576 ,

305 1624 335 1659 ιο
348 1609 474 1675 nuntur,
491 1598 574 1661 inter
588 1619 669 1680 quos
685 1609 716 1661 et
733 1599 889 1663 Larcinos
909 1601 1064 1663 latissima
1078 1602 1181 1664 Vallis
1194 1602 1342 1683 Bugietta

346 1718 382 1759 se
410 1696 576 1776 diffundit;
607 1699 646 1759 de
675 1718 738 1778 qua
765 1718 824 1759 suo
853 1700 923 1761 loco
951 1700 1104 1779 pluribus,
1134 1712 1340 1783 posteaquam

349 1795 509 1859 Larcinos
520 1796 679 1860 Litorales
694 1796 806 1859 ordine
820 1797 1094 1879 descripserimus.
1122 1872 1127 1879 Κ

419 2022 499 2085 Car.
524 2020 586 2083 lll.
632 2020 823 2082 Lnoaucus
846 2040 886 2082 ur
910 2021 1099 2084 lusuunnus
1122 2022 1266 2087 Lnacnu

390 2196 436 2257 Η]
456 2195 524 2257 sive
544 2194 576 2255 in
594 2192 700 2257 Litore
717 2194 936 2275 Magellanico,
954 2194 1022 2258 sive
1036 2195 1068 2255 in
1087 2195 1156 2275 ripa
1174 2206 1205 2257 et
1221 2196 1340 2259 Insulis

347 2293 560 2376 Tryphonicis
582 2294 643 2355 late
665 2294 778 2374 sparsi,
794 2294 945 2374 amphibii
966 2304 1051 2371 sunt,
1067 2314 1106 2356 eo
1123 2294 1256 2358 ditiores
1271 2296 1338 2359 reli·

304 2423 334 2474 ¹5
347 2394 418 2472 quis
433 2413 497 2473 quo
511 2403 585 2454 sunt
600 2391 731 2472 reliquis
745 2395 973 2471 occupatiores

389 2489 493 2552 Nemo
528 2500 695 2551 nautarum
732 2489 972 2570 Europaeorum
1008 2491 1108 2570 magis
1143 2492 1235 2554 callet
1270 2492 1339 2555 istis

347 2589 489 2650 fluxuum
499 2597 709 2667 tempestates
722 2599 753 2650 et
762 2588 843 2650 situs
852 2588 1169 2670 opportunitatesque
1178 2601 1335 2670 portuum,

346 2697 467 2764 ventoS,
485 2697 598 2766 syrtes,
618 2685 766 2766 scopulos
776 2707 785 2764 ;
815 2706 919 2765 neque
940 2685 1046 2766 pisces
1067 2687 1129 2768 ipsi
1150 2699 1205 2750 aut
1226 2688 1339 2751 melius

346 2795 455 2847 natant
470 2795 523 2846 aut
537 2783 668 2846 facilius.

303 2921 335 2956 20
390 2882 513 2945 Primas
541 2882 592 2944 hic
621 2883 743 2945 obtinet
768 2885 882 2946 Portus
907 2883 1041 2959 DuniuS,
1065 2885 1140 2948 villa
1168 2907 1233 2947 non
1261 2908 1339 2950 sane

347 3001 462 3061 magna
498 3001 556 3043 nec
592 2983 673 3043 adeo
706 2983 835 3060 munita,
865 2983 922 3044 sed
958 2985 1063 3046 audax
1098 2984 1278 3059 admodum,
1308 2996 1339 3047 et

346 3079 486 3142 omnium
522 3079 588 3141 fere
620 3079 785 3160 regionum
815 3080 927 3161 spoliis
954 3083 995 3143 ad
1024 3082 1209 3143 miraculum
1238 3103 1339 3163 usque
1389 3134 1392 3138 ,

345 3177 443 3254 diveS,
471 3177 531 3240 sita
559 3177 591 3238 in
620 3178 690 3259 ipso
715 3179 833 3260 angulo
857 3179 1033 3256 Larciniae,
1058 3199 1122 3259 quo
1147 3190 1232 3242 terra
1259 3181 1339 3242 haec

345 3275 524 3338 interventu
551 3275 729 3356 Tryphonii
761 3276 916 3339 Fluminis
945 3297 965 3338 a
994 3277 1145 3356 Crapulia
1172 3277 1338 3339 dirimitur.

301 3395 332 3444 25
349 3372 455 3435 Huius
477 3373 552 3436 litus
574 3375 773 3455 magnetibus
795 3397 832 3437 ac
853 3375 984 3456 pulvere
1006 3374 1184 3455 magnetico
1205 3384 1336 3437 stratum

344 3472 459 3550 ferunt,
470 3493 603 3553 quorum
612 3473 714 3536 virtus
726 3495 840 3536 navem
851 3475 893 3536 ad
905 3495 941 3536 se
952 3473 1126 3554 quamlibet
1136 3474 1337 3538 remotiorem

343 3570 439 3633 allicit
460 3571 650 3653 retinetque.
697 3573 764 3636 Sed
784 3593 889 3653 neque
907 3572 1012 3635 minus
1033 3572 1203 3652 proliciunt
1223 3584 1338 3636 nautae

346 3669 533 3746 Duniorum,
550 3671 604 3751 qui
618 3671 718 3732 maria
732 3691 877 3752 quaeque
891 3681 1056 3750 pererrant
1074 3691 1111 3732 ac
1129 3691 1227 3733 naves
1242 3673 1337 3752 longe

344 3770 411 3832 suis
432 3769 619 3833 munitiores
638 3769 837 3832 adoriuntur.
882 3769 998 3830 Mirum
1017 3778 1068 3830 est
1088 3769 1194 3832 hercle
1212 3769 1337 3850 quoties

302 3897 332 3948 30
345 3868 430 3938 istos,
462 3869 512 3930 vel
543 3878 615 3948 post
651 3867 804 3946 imparem
833 3886 928 3945 saepe
957 3885 1173 3945 congressum,
1205 3868 1357 3929 audacia⁴
