3142 4575
239 567 309 609 cae.
324 546 385 628 vu]
625 545 846 609 MORONIA
1189 565 1229 626 75

237 712 268 765 te
293 724 412 784 pronus
435 702 648 766 insinuaveris
673 703 773 765 multo
800 702 880 779 nisu,
904 724 944 765 en
967 703 1024 765 tibi
1045 704 1143 767 aedes
1167 702 1231 766 fere

237 802 420 865 caelestium
442 803 591 877 aemulas,
613 822 691 863 auro
714 801 955 882 margaritisque
977 822 1231 882 quaquaversum

237 900 427 975 renidentes
446 920 579 981 quarum
598 913 731 963 externa
751 899 849 962 facies
862 899 941 961 nihil
957 898 1039 961 infra
1052 899 1232 962 felicitatem

237 998 379 1079 polliceri
392 998 525 1061 videtur.

279 1098 487 1160 Sacerdotum
513 1098 647 1176 habitus,
676 1098 784 1175 officia,
813 1098 899 1175 ritus,
920 1098 1070 1179 templive
1088 1099 1261 1177 formam,5

239 1216 278 1257 ne
294 1195 409 1257 nimius
423 1196 493 1271 sim,
509 1198 652 1277 prudens
667 1197 786 1259 omitto

279 1294 431 1368 Tandem,
454 1306 545 1357 vacat
567 1294 650 1357 enim
671 1315 729 1375 per
749 1295 878 1376 aliquod
897 1307 1023 1374 tempus
1042 1297 1150 1358 omnia
1163 1316 1235 1358 con·

238 1392 327 1469 tueri,
351 1393 471 1454 accedit
496 1395 576 1455 alter
596 1393 761 1455 flaminum
786 1414 979 1475 manumque
1001 1394 1180 1475 prehendit,
1204 1402 1237 1455 et

238 1488 332 1551 simul
350 1492 460 1552 oculos
478 1490 653 1571 faciemque
676 1501 773 1553 totam
794 1491 893 1553 linteo
911 1492 1069 1554 velamine
1092 1490 1233 1566 revincit,

238 1609 296 1669 per
309 1590 425 1651 multas
439 1590 590 1670 ambages
612 1600 813 1652 occaecatum
835 1590 956 1651 ducens
978 1589 1144 1669 hospitem,
1161 1607 1235 1669 quo
1251 1617 1281 1653 ιο

239 1706 302 1766 quo
324 1688 419 1763 lubet,
443 1688 500 1750 sed
526 1688 572 1749 uti
594 1688 714 1749 creduli
740 1686 887 1749 homines
912 1687 1084 1767 opinantur
1108 1688 1141 1748 in
1162 1698 1236 1749 tem·

238 1784 325 1865 plum
352 1784 461 1848 Bonae
486 1786 592 1849 Deae:
625 1786 744 1849 scilicet
773 1785 915 1866 profanis
942 1786 1043 1848 oculis
1072 1806 1136 1847 non
1164 1786 1237 1847 licet

239 1883 379 1945 numinis
394 1886 589 1947 maiestatem
605 1885 792 1965 conspicari.

196 2049 200 2053 ,
281 1981 430 2045 Provolvi
445 1983 497 2045 hic
512 1984 629 2045 iuberis
641 1984 672 2045 in
685 1984 806 2061 faciem,
819 2004 1007 2064 sacrumque
1021 1986 1235 2065 pavimentum

239 2081 425 2159 deosculari,
442 2102 500 2143 nec
521 2102 649 2144 movere
664 2102 793 2143 manum
811 2084 966 2162 pedemve
981 2086 1083 2146 donec
1104 2094 1136 2145 te
1153 2084 1236 2145 Diva
1252 2104 1279 2153 15

239 2180 424 2242 nominatim
452 2181 708 2261 compellaverit:
743 2192 810 2242 tum
839 2181 990 2261 quicquid
1018 2182 1159 2244 volueris
1183 2204 1235 2245 au·

240 2278 348 2341 dacter
370 2278 489 2360 profari
501 2303 510 2358 ;
532 2279 681 2361 quicquid
706 2279 758 2341 illa
782 2279 919 2355 iusserit,
947 2290 1093 2360 satagere
1116 2282 1236 2362 absque

238 2379 289 2440 vel
319 2399 408 2442 mora
435 2381 485 2443 vel
518 2380 711 2458 diffidentia;
748 2379 927 2461 factumque
956 2380 1003 2457 iri,
1034 2382 1236 2460 quantumvis

239 2480 384 2556 arduum,
399 2481 484 2560 quod
500 2479 701 2560 flagitaveris.

280 2576 346 2640 Sed
369 2598 449 2659 quae
471 2577 634 2659 religionis
655 2589 760 2640 tantae
782 2598 905 2641 merces
927 2579 1003 2640 est?
1025 2578 1149 2658 inquis:
1181 2592 1235 2643 aut
1250 2603 1281 2636 20

239 2675 312 2755 quis
326 2677 429 2739 cultus
443 2677 575 2739 huiusce
590 2676 719 2738 exitus?

282 2774 452 2838 Ridendus
473 2775 589 2838 hercle.
646 2773 780 2836 lllusum
809 2786 857 2837 est
878 2775 1014 2855 singulis
1038 2778 1146 2856 probe,
1169 2789 1237 2839 arte

239 2873 368 2954 quidem
393 2873 566 2954 multiplici,
591 2873 649 2936 sed
674 2873 777 2935 adhuc
801 2883 864 2936 tam
887 2873 1078 2936 clancularia
1098 2885 1140 2951 ut,
1164 2876 1237 2937 licet

239 2973 352 3052 inopes
372 2971 570 3034 dimittantur
591 2971 718 3053 singuli,
735 2972 847 3033 malint
868 2983 974 3034 tamen
996 2993 1086 3034 suam
1101 2973 1236 3054 quisque

239 3069 307 3132 sive
328 3069 473 3132 inertiam
497 3070 564 3132 sive
587 3070 840 3134 incredulitatem
862 3089 956 3149 quam
979 3070 1075 3133 fidem
1097 3072 1235 3134 numinis
1250 3096 1280 3146 ²5

239 3169 407 3231 criminari.

245 3289 246 3294 ¹
282 3266 379 3330 Facto
400 3269 499 3331 semel
513 3281 588 3332 voto
611 3270 665 3331 illa
687 3269 825 3349 benigne
846 3269 966 3331 annuit.
1011 3268 1051 3330 Et
1072 3269 1103 3330 in
1126 3259 1237 3350 primis

239 3366 325 3428 iubet
343 3367 518 3448 supplicem
538 3378 611 3449 post
630 3369 728 3430 horas
748 3367 869 3447 aliquot
885 3367 1016 3430 Sacram
1034 3379 1068 3429 ut
1086 3369 1233 3448 appellat,

241 3464 460 3528 Potiunculam
482 3469 630 3545 ebibere;
653 3469 716 3548 qua
737 3467 851 3529 sordes
871 3467 995 3529 animae
1009 3467 1094 3528 ultra
1109 3469 1234 3530 abluan-

238 3575 290 3626 tur
310 3565 443 3646 ipseque
465 3566 592 3647 dignior
613 3566 676 3643 fiat,
700 3565 754 3646 qui
778 3575 958 3644 exoptatam
984 3564 1163 3628 felicitatem
1188 3587 1233 3627 re·
1247 3584 1280 3636 30

238 3673 352 3741 portet.
397 3664 556 3745 Deinceps
578 3665 673 3728 etiam
697 3666 884 3744 procumbat
907 3664 1107 3745 aliquamdiu,
1131 3665 1232 3727 donec

239 3760 307 3840 ipsa
327 3763 434 3824 denuo
455 3763 548 3825 fuerit
569 3764 722 3825 allocuta:
746 3773 812 3824 tum
830 3782 940 3824 vocem
956 3765 1103 3826 observet
1120 3765 1232 3826 sedulo

240 3880 274 3921 ac
289 3861 376 3923 iussa
391 3872 536 3942 capessat
557 3862 682 3939 alacer;
708 3882 767 3923 nec
782 3861 904 3922 dubitet
924 3861 999 3941 quin
1020 3862 1084 3923 voti
1102 3883 1233 3944 compos
