3142 4575
251 616 322 661 cnr.
338 595 389 680 vr]
641 594 861 658 MORONIA
1205 600 1247 674 69

294 754 377 817 Nata
411 752 539 833 quidem
579 751 619 813 ad
663 752 887 828 serviendum
930 771 1005 831 pars
1039 753 1177 816 maxima
1210 773 1246 816 se

249 850 510 934 generosioribus
541 849 663 911 vicinae
696 849 803 929 gentis
837 850 983 911 volentes
1017 851 1159 912 vendunt
1193 860 1247 913 aut

251 950 460 1031 emancipant.

294 1048 362 1111 Etsi
377 1067 451 1109 vero
467 1058 531 1109 tarn
546 1046 665 1126 stupidi
686 1056 761 1109 sunt
780 1056 815 1109 ut
836 1046 915 1107 nihil
935 1045 997 1127 ipsi
1011 1046 1135 1127 possint
1151 1047 1247 1110 laude

251 1147 383 1227 dignum
422 1144 611 1224 excogitare,
650 1144 768 1224 optime
802 1154 909 1206 tamen
944 1156 1063 1207 norunt
1096 1145 1275 1227 quicquid5

251 1264 385 1325 usquam
401 1243 537 1306 viderint
552 1241 688 1304 imitari:
709 1262 768 1304 nec
783 1242 955 1323 quidquam
970 1253 1023 1305 aut
1041 1243 1177 1307 induunt
1192 1256 1247 1308 aut

252 1352 350 1423 agunt
371 1351 426 1405 aut
447 1341 633 1422 loquuntur,
652 1339 742 1402 cuius
762 1340 927 1422 exemplar
948 1341 1008 1403 sibi
1030 1342 1159 1423 aliquod
1181 1363 1246 1405 non

252 1441 486 1521 proposuerint.
532 1440 586 1502 Me
601 1438 665 1500 illic
683 1450 797 1519 agente
812 1438 1031 1503 claudicabant
1051 1441 1150 1504 altero
1166 1438 1247 1521 pede

252 1560 372 1617 omnes,
388 1550 420 1603 et
434 1539 517 1602 inter
537 1537 749 1600 incedendum
771 1558 873 1618 usque
895 1539 1081 1617 screabam,
1104 1541 1246 1621 eoquod
1277 1543 1282 1552 '

251 1638 430 1718 praelectus
466 1636 618 1699 Lisoniae
653 1634 846 1699 Cinillonius
881 1656 954 1699 crus
995 1638 1056 1700 sibi
1099 1638 1247 1718 fregisset
1261 1666 1291 1701 10

252 1735 376 1816 pridem
398 1746 430 1799 et
452 1736 600 1799 catarrho
623 1734 822 1797 diuturniore
844 1724 1011 1799 laboraret.

295 1834 420 1898 Horum
455 1834 598 1915 plerique
634 1843 793 1910 tonsores,
829 1845 979 1912 sartores,
1010 1835 1126 1915 pararii
1160 1847 1244 1900 sunt

253 1934 336 1999 Sunt
356 1934 496 2015 quidam,
518 1944 552 1996 ut
573 1932 669 2009 aiunt,
692 1930 776 1994 inter
797 1932 858 1995 hos
879 1943 911 1995 et
932 1934 1036 2012 aulici,
1051 1936 1160 1998 habitu
1181 1956 1245 1999 non

252 2032 491 2095 contemnendi:
512 2051 572 2095 nec
588 2029 660 2112 quis
674 2029 817 2111 profecto
835 2029 1183 2111 Hispanorum-mimus
1197 2046 1247 2097 est

251 2151 329 2212 prae
343 2132 413 2193 istis
427 2129 593 2192 Lisonicis
1261 2165 1292 2217 ,5

203 2289 205 2295 .
292 2230 464 2311 Alloquere
485 2239 517 2292 et
541 2228 664 2292 intuere
686 2228 867 2309 quempiam
879 2249 888 2307 ;
916 2228 945 2292 is
970 2229 1132 2294 incurvato
1156 2232 1245 2312 prius
1286 2266 1291 2281 ·

251 2349 336 2409 genu
359 2337 390 2391 et
414 2327 597 2390 exosculata
625 2327 748 2403 dextra,
778 2327 920 2389 ultimam
948 2328 1110 2391 clausulae
1137 2350 1247 2393 vocem
1287 2330 1290 2335 ’

252 2427 445 2508 reduplicat;
467 2426 619 2506 vultuque
634 2425 794 2501 renidens,
808 2425 958 2506 quicquid
969 2426 1026 2488 tibi
1038 2438 1163 2508 gratum
1177 2429 1246 2491 lore
1286 2434 1290 2464 ³

172 2541 176 2551 ’
252 2536 348 2603 retur,
363 2525 478 2587 blande
493 2523 617 2604 regerit,
630 2543 695 2586 non
710 2534 816 2587 tamen
832 2524 901 2588 sine
915 2525 1070 2588 immensa
1083 2526 1244 2608 titulorum

251 2622 418 2703 congerie:
439 2621 549 2684 osculo
564 2621 639 2684 dein
654 2622 755 2684 altero
776 2622 929 2684 claudens
942 2623 1003 2685 sibi
1021 2623 1112 2701 labia,
1128 2626 1246 2704 pendet
1259 2654 1292 2690 ιο

251 2721 291 2783 ab
312 2719 413 2784 oculis
433 2720 505 2797 tuis,
521 2720 635 2782 anxius
657 2730 691 2782 ut
712 2720 769 2781 tibi
790 2739 980 2801 responsum
1001 2721 1151 2789 arriserit.
1194 2722 1246 2786 Tu

251 2819 346 2881 modo
364 2817 434 2881 istis
447 2836 552 2880 annue
567 2827 599 2880 et
619 2837 718 2898 perge
740 2817 821 2896 sari;
843 2817 993 2898 quicquid
1014 2817 1144 2896 dixeris,
1158 2820 1246 2883 velut

250 2917 412 2980 oraculum
441 2917 550 2979 datum
577 2915 731 2979 divinitus
759 2916 793 2978 in
822 2916 956 2979 tabellas
985 2916 1093 2995 refert,
1122 2918 1245 2981 caelum

249 3015 391 3096 suspicit,
414 3025 508 3096 teque
529 3035 650 3096 pronus
671 3026 851 3079 veneratur.
1295 3092 1299 3097 ν

293 3111 396 3172 Deum
422 3131 487 3173 non
513 3120 693 3192 agnoscunt
717 3109 769 3172 isti
795 3120 922 3190 praeter
945 3109 1034 3173 illum
1062 3110 1113 3172 cui
1135 3130 1172 3174 se
1193 3112 1245 3174 ad·
1260 3139 1292 3190 ²⁵

250 3209 388 3272 dixerint
419 3208 452 3270 in
481 3209 675 3272 servitutem.
720 3206 818 3269 Hunc
846 3208 919 3285 aris,
949 3207 1242 3288 geniculationibus,

249 3308 397 3389 precibus
411 3308 518 3370 colunt
531 3299 700 3388 supplices.

292 3407 366 3469 Hoc
380 3407 413 3469 in
427 3417 528 3471 tractu
544 3406 637 3469 offert
651 3426 687 3468 se
702 3404 807 3485 prima
820 3404 961 3468 omnium
977 3406 1157 3484 Loverium,
1169 3410 1246 3471 urbs

249 3506 313 3569 alta
326 3516 358 3570 et
373 3505 574 3588 spectabilis,
598 3505 655 3567 sed
676 3514 740 3566 tam
762 3522 875 3583 parum
889 3504 991 3566 solide
1005 3515 1197 3585 constructa,
1212 3517 1246 3569 ut

249 3624 380 3685 sperare
395 3614 532 3686 nequeat
547 3601 798 3665 diuturnitatem.
1221 3649 1225 3656 .
1258 3631 1291 3680 30

293 3703 333 3765 Et
346 3703 451 3765 vicina
468 3702 542 3764 huic
560 3700 751 3777 Babillarda,
769 3699 845 3762 villa
859 3700 1003 3779 stridula,
1019 3702 1110 3766 cuius
1124 3703 1245 3768 incolae

156 3793 160 3800 ’
251 3821 414 3882 nunquam
429 3811 543 3864 tacent.

292 3901 476 3979 Assurgunt
493 3898 567 3960 hinc
585 3910 720 3976 montes,
736 3918 836 3978 seque
856 3897 917 3978 ipsi
933 3913 1128 3980 exsuperant
1145 3923 1247 3984 usque
