3142 4575
357 537 398 593 24
542 513 741 575 MUNDUS
770 512 926 574 ALTER
957 510 1014 572 ET
1045 510 1160 593 IDEM
1248 508 1352 590 [mm

354 671 502 731 humido:
532 669 577 729 illi
598 668 733 749 proinde
752 666 895 728 culinarii
912 675 944 727 et
963 664 1067 742 furvi·;
1095 665 1128 725 hi
1146 658 1300 726 cellularii
1320 675 1351 724 et

355 768 423 845 rufi,
441 767 625 846 Crapuliani
641 786 659 827 a
674 766 785 827 vicinis
808 765 876 825 ioco
892 762 1075 842 nuncupati.
1114 762 1229 842 Neque
1246 763 1350 824 minus

292 940 296 949 ι
355 866 503 946 ingenio:
538 876 624 927 tanto
656 865 740 926 enim
766 862 916 925 Yvrones
951 862 1014 922 illis
1045 860 1231 923 disertiores
1265 872 1348 937 sunt,

354 973 471 1044 quanto
493 963 593 1043 magis
614 962 772 1042 impudici.
820 961 953 1021 ineunte
975 960 1101 1039 quidem
1123 970 1234 1035 aetate,
1258 959 1349 1038 pleri·

328 1084 416 1142 5que
432 1060 679 1141 ingeniosissimi
695 1070 768 1120 sunt
780 1081 789 1136 ;
807 1058 1006 1137 provectiore
1017 1077 1102 1133 verb,
1116 1068 1148 1117 et
1162 1057 1349 1136 praesertim

355 1160 523 1240 decrepita,
541 1159 584 1231 ita
599 1158 745 1221 obliviosi
761 1168 796 1218 ut
810 1159 863 1219 vix
878 1155 1081 1246 suinominis
1095 1155 1306 1218 meminerint.

429 1400 510 1462 Cur.
534 1398 578 1461 11.
622 1398 783 1460 Yvrroum
806 1416 954 1458 rumora
969 1409 1010 1457 'm
1032 1416 1115 1458 suns
1136 1414 1264 1458 PARTES

396 1548 566 1610 Courruar
598 1547 654 1609 illa
685 1548 717 1608 in
746 1547 925 1637 sermultas
953 1546 1049 1606 urbes
1077 1544 1232 1625 egregias.
1284 1541 1350 1604 Hic

355 1646 439 1706 enim
466 1646 620 1726 imprimis
649 1646 786 1707 occurrit
822 1645 900 1705 mihi
931 1643 1123 1723 Pampinola,
1154 1643 1205 1703 vel
1233 1643 1350 1721 Ampe

311 1803 313 1809 .
355 1745 436 1819 lona,
467 1745 589 1806 viculu's
618 1744 814 1824 quintuplex,
845 1742 899 1822 qui
931 1762 989 1821 per
1018 1740 1144 1802 Olmios
1176 1761 1212 1801 se
1241 1740 1350 1803 Colles

313 1867 342 1901 10
354 1842 487 1927 pulchre
508 1842 663 1918 diffundit,
687 1852 718 1903 et
740 1861 842 1920 usque
869 1841 909 1901 ad
932 1840 1136 1900 Traubenam
1158 1839 1348 1914 urbeculam,

354 1960 413 2021 pro
429 1940 582 2001 lateritiae
597 1942 748 2001 materiae
764 1940 870 2001 colore
886 1938 1103 2014 rubicundam,
1119 1938 1303 2018 porrigitur.

397 2039 465 2099 Ima
485 2038 517 2099 in
538 2038 628 2112 valle,
656 2058 738 2117 quae
762 2036 911 2098 Torcolia
935 2036 1057 2111 dicitur,
1082 2035 1205 2098 Licoris
1226 2036 1351 2115 elegan-

354 2136 466 2198 tissimi
488 2136 628 2197 ssuminis
649 2137 787 2197 nativum
809 2135 913 2196 cubile
930 2144 987 2210 est,
1007 2155 1064 2213 per
1085 2134 1175 2195 cuius
1196 2134 1349 2195 amoenis·

354 2236 451 2306 simas
466 2235 559 2316 ripas
576 2235 729 2316 plurimas
744 2234 807 2296 vidi
824 2234 974 2309 civitates
988 2232 1047 2296 hac
1061 2232 1132 2294 illac
1147 2232 1350 2312 undiquaque

314 2354 493 2412 15sparsaS,
520 2354 584 2395 non
613 2334 683 2395 sine
712 2333 964 2414 prudentissimo
985 2332 1109 2393 delectu
1137 2330 1348 2407 fundatorum,

358 2419 560 2506 Beaclreram,
591 2431 815 2512 Krugtopolin,
842 2431 1031 2505 Chitraeam,
1059 2427 1216 2491 Cadillam
1244 2430 1351 2510 ligneo

355 2549 445 2590 muro
461 2529 694 2590 circumdatam.
740 2529 899 2608 Reliquus
913 2547 991 2589 sane
1005 2527 1101 2603 orbiS,
1114 2548 1241 2608 quaqua
1254 2538 1348 2607 patet,

355 2628 473 2690 flumen
494 2627 567 2688 huic
582 2627 636 2687 uni
652 2627 878 2688 conserendum
893 2626 1014 2687 nullum
1029 2626 1142 2687 habet:
1174 2625 1348 2702 Danubius,
1432 2692 1435 2697 ⁴

356 2724 511 2800 Tamesis,
543 2724 655 2804 Volga,
686 2724 826 2800 Tiberis,
856 2723 1015 2803 Sequana,
1048 2743 1125 2802 prae
1159 2723 1221 2785 isto
1255 2723 1351 2803 plane
1430 2737 1436 2758 ¹

314 2823 506 2899 rosordent;
539 2842 620 2898 nam,
651 2831 776 2902 praeter
804 2821 1096 2901 limpidissimorum
1124 2821 1281 2900 taciteque
1309 2821 1350 2882 la·
1433 2853 1436 2859 ·

358 2921 499 2982 bentium
520 2921 686 2981 'fluctuum
721 2920 858 2981 lascivos
894 2938 1028 2994 errores
1059 2939 1143 2998 aqua
1177 2918 1349 2989 dulcissimi

357 3019 481 3098 saporis
510 3029 566 3094 est,
597 3039 678 3097 quae
704 3038 764 3079 nec
789 3018 908 3098 optimo
934 3017 1021 3077 novit
1045 3017 1120 3077 vino
1144 3017 1269 3092 cedere,
1292 3037 1350 3079 nec

357 3117 484 3178 mellitis
500 3117 675 3177 Turcarum
692 3117 824 3196 poculis

382 3350 460 3412 Car.
487 3352 548 3413 111.
592 3352 870 3426 Zourrsuaraon,
897 3350 1114 3411 Maruoroms
1136 3348 1327 3425 Yvnournu,

362 3437 364 3442 ¹
441 3467 631 3526 nescium,
663 3469 702 3510 rr
725 3449 899 3510 Yvaouuu
923 3467 1069 3508 sinamus
1093 3467 1269 3520 monesque

365 3649 370 3662 .
399 3595 675 3674 Zourrrussancn,
693 3598 803 3677 ignoto
819 3597 895 3658 mihi
910 3597 1039 3658 nomine
1055 3597 1115 3657 nisi
1131 3597 1216 3675 quod
1234 3616 1348 3657 sonum

315 3707 345 3758 25
360 3693 584 3757 Germanicum
606 3717 682 3775 prae
704 3716 739 3756 se
762 3696 846 3756 serre
868 3696 1042 3771 videbatur,
1059 3696 1136 3756 urbs
1157 3696 1250 3757 valde
1269 3695 1348 3757 cele·

360 3793 435 3867 bris,
451 3805 481 3853 et
496 3795 672 3872 emporium
688 3792 768 3852 situs
784 3792 937 3853 beneficio
954 3793 1254 3854 commodissimum.
