3142 4575
256 542 393 625 elan]
643 520 863 604 nouo'um
1098 489 1103 502 ⁶
1208 548 1248 624 ⁶7

256 712 287 762 et
306 701 472 777 excelsior,
489 698 635 780 hospitiis
656 699 824 775 destinata,
841 719 922 779 quae
944 701 984 762 ad
1005 701 1129 761 lumbos
1149 719 1251 780 usque

255 798 437 879 porrigitur.
1136 819 1141 825 ·

298 898 400 960 Crura
425 908 457 961 et
482 898 581 978 pedes
606 898 689 959 duos
714 897 754 959 ad
779 896 916 959 mediam
941 896 1056 959 vallem
1080 907 1251 978 protensos

255 997 352 1059 baiuli
367 998 543 1059 sortiuntur
557 1016 593 1059 ac
607 995 753 1057 viatores

296 1094 452 1157 Aedificia
473 1094 533 1156 sibi
554 1102 680 1155 struunt
702 1091 921 1154 excelsissima
942 1103 1118 1169 senatores,
1133 1103 1167 1155 ut
1186 1114 1279 1173 quo5

257 1193 381 1255 caelum
407 1192 539 1273 propius
564 1190 726 1271 attigerint
750 1209 789 1251 eo
812 1189 914 1270 magis
935 1190 1129 1253 incalescant
1151 1201 1183 1253 et
1204 1192 1248 1252 in·

256 1292 402 1354 seriorem
418 1292 500 1353 hanc
514 1300 617 1351 terrae
632 1288 778 1369 aerisque
794 1288 1028 1350 inclementiam
1043 1288 1206 1370 effugiant.

433 1524 530 1586 Sacr.
552 1543 582 1602 4.
626 1521 783 1583 Saunrus
808 1519 1076 1583 Pazzrvrmnuus

298 1698 355 1760 Ma
371 1696 436 1759 illic
454 1704 567 1776 agente
585 1692 753 1755 consilium
771 1704 925 1773 ceperunt
944 1706 1118 1773 senatores,
1135 1698 1251 1778 quibus

255 1796 454 1878 potissimum
469 1792 573 1853 modis
588 1792 628 1853 ad
640 1790 728 1852 urbis
744 1790 938 1871 dignitatem,
951 1794 1001 1855 vel
1016 1796 1249 1874 amoenitatem,

255 1897 306 1958 vel
321 1894 459 1973 denique
474 1890 687 1967 securitatem,
702 1889 771 1951 fieri
786 1900 897 1969 posset
912 1893 1062 1954 accessio.
1265 1930 1295 1966 ,ο

294 1993 388 2055 Alius
424 1989 509 2052 aliud
547 1987 647 2049 suasit
683 2007 742 2069 pro
774 2006 833 2049 sua
866 1988 1002 2069 quisque
1038 1989 1186 2055 facultate
1219 2002 1252 2056 et

255 2090 432 2173 prudentia.
757 2162 759 2167 Ι
858 2167 861 2171 ⁴
1201 2152 1205 2165 ‚

298 2188 424 2249 Primus
443 2186 572 2267 quidem
587 2205 674 2247 mare
694 2183 768 2245 illuc
783 2203 841 2262 per
856 2183 954 2247 multa
968 2184 1115 2249 milliaria
1128 2206 1252 2268 perque

256 2287 377 2349 medios
402 2296 535 2361 montes,
560 2282 674 2345 civium
699 2281 864 2358 industria,
890 2282 1131 2363 deducendum
1160 2287 1251 2348 cuius

255 2385 456 2466 proximitate
477 2383 573 2444 urbes
599 2381 678 2443 alias
703 2380 817 2441 mirum
839 2381 871 2442 in
895 2382 1024 2444 modum
1045 2384 1161 2448 ditatas
1182 2386 1251 2466 ipse
1266 2417 1294 2467 ¹⁵

255 2482 541 2547 animadvertisset.
1332 2471 1335 2474 Α

296 2582 386 2644 Alius
422 2591 529 2642 monte
563 2600 647 2641 novo
683 2580 845 2660 aliquanto
880 2580 992 2644 altiore
1024 2582 1107 2665 cingi
1139 2584 1249 2647 urbem

256 2679 374 2742 mavult
389 2679 504 2740 civium
519 2677 666 2740 manibus
679 2697 698 2739 e
715 2677 898 2740 subiacente
913 2680 995 2742 valle
1009 2682 1160 2744 eruendo.

300 2778 450 2859 Exsurgit
477 2777 578 2840 alius:
607 2776 634 2838 si
656 2777 805 2839 benevoli
831 2777 917 2840 cives
942 2778 1002 2840 sibi
1029 2780 1177 2842 monitori
1199 2803 1250 2844 au·

256 2879 393 2940 scultare
415 2877 541 2952 vellent,
565 2875 597 2936 id
618 2875 678 2937 sibi
701 2874 798 2955 longe
820 2876 973 2956 optimum
995 2877 1098 2940 videri
1120 2889 1154 2940 ut
1176 2900 1249 2942 una·
1265 2913 1295 2946 20
1355 2914 1357 2919 ·

255 2995 399 3056 quaeque
414 2976 538 3050 domuS,
555 2993 614 3054 pro
629 2973 712 3035 mole
732 2993 797 3049 sua,
816 2974 1011 3053 pyramidem
1027 2975 1087 3036 sibi
1106 2976 1249 3040 altiorem

256 3075 411 3153 erigeret;
433 3072 523 3134 cuius
538 3072 618 3152 apici
633 3091 757 3133 summo
772 3072 877 3152 gallus
892 3092 1012 3134 aeneus
1029 3085 1249 3154 argenteusve,

255 3191 352 3234 aurea
366 3171 463 3232 crista
477 3169 621 3249 insignis
635 3169 747 3250 quavis
761 3190 839 3231 aura
852 3171 1021 3249 versatilis,
1031 3171 1202 3237 insideret:
1217 3175 1249 3238 in

255 3289 444 3350 unaquaque
466 3267 631 3349 pyramide
652 3267 852 3347 horologium
875 3268 1091 3348 collocaretur,
1114 3272 1249 3354 singulis

255 3367 429 3448 horologiis
459 3365 648 3448 campanula
675 3365 911 3446 adiungeretur.
955 3366 1024 3430 Nec
1051 3369 1113 3431 dici
1140 3390 1245 3450 posse,
1262 3399 1294 3448 ²5

255 3487 349 3548 quam
372 3465 503 3545 elegans
524 3484 561 3526 ac
582 3463 755 3527 iucundum
775 3466 990 3544 spectaculum
1014 3479 1078 3531 tam
1099 3468 1250 3549 frequens

255 3565 453 3628 excelsarum
469 3563 671 3646 pyramidum
689 3563 791 3626 series
809 3563 1053 3628 adventantibus
1072 3568 1250 3648 peregrinis

255 3663 435 3741 videretur;
464 3682 623 3744 quamque
643 3681 702 3742 per
718 3661 815 3724 horas
834 3683 943 3725 aurem
965 3664 1143 3733 delenitura
1163 3678 1249 3730 esset

255 3771 300 3824 tot
314 3760 599 3825 tintinnabulorum
613 3761 730 3842 iugiter
743 3762 923 3824 sonantium
938 3762 1112 3826 harmonia.

295 3860 513 3924 Acclamatum
542 3871 591 3924 est
627 3880 692 3923 uno
725 3860 831 3922 statim
866 3881 922 3924 ore
957 3873 1021 3924 tam
1052 3864 1245 3941 commodae,
1263 3889 1296 3937 30

728 3977 778 4022 ra
