3142 4575
235 578 308 629 cnr.
324 558 363 640 u]
610 558 848 621 LAVERNIA
890 618 892 622 ,
1187 560 1227 637 83

191 747 202 773 0
235 734 351 777 novum
373 714 433 777 sibi
456 714 597 795 quotidie
618 716 678 777 sub
700 714 811 795 quavis
832 714 946 776 arbore
967 714 1082 776 lectum
1104 712 1226 788 sternit,

234 834 323 875 more
337 813 552 890 Tartarorum,
570 824 600 875 et
615 812 761 875 assiduas
775 813 950 899 viatoribus
965 812 1097 875 insidias
1112 812 1224 887 struit;

234 933 315 992 quos
335 911 418 974 illico
438 911 532 975 bonis
551 911 698 973 omnibus
715 912 912 991 exspoliatos
931 931 995 973 non
1015 911 1080 973 leto
1095 911 1224 985 dedunt,

234 1010 320 1091 quod
350 1010 420 1072 Itali
449 1021 480 1073 et
509 1010 663 1073 Germani
689 1010 892 1071 insidiatores
919 1010 1023 1071 solent
1048 1010 1118 1085 (nec
1144 1008 1227 1072 enim

235 1108 404 1189 quicquam
418 1120 570 1173 verentur
590 1128 630 1169 ne
651 1108 702 1169 cui
724 1128 846 1188 poenas
863 1109 940 1169 dent
959 1107 1120 1171 commissi
1136 1109 1227 1170 latro·
1243 1132 1257 1182 5

236 1206 329 1285 cinii),
353 1208 411 1269 sed
432 1206 572 1269 vinctum
598 1206 638 1268 ad
660 1205 710 1267 sui
734 1205 834 1267 Ducis
855 1207 959 1267 aulam
981 1206 1149 1281 deducunt,
1174 1206 1227 1267 ob·

236 1304 457 1384 stringuntque
486 1304 664 1366 iuramento
689 1324 724 1365 se
750 1303 795 1365 illi
821 1304 853 1364 in
879 1314 1068 1383 perpetuum
1092 1303 1228 1367 fideliter

236 1402 444 1464 serviturum:
466 1402 528 1482 qui,
545 1402 599 1463 ubi
614 1401 664 1463 vel
680 1401 776 1464 fidem
785 1401 961 1479 violaverit,
971 1402 1021 1464 vel
1032 1422 1090 1482 per
1100 1422 1228 1465 menses

169 1582 172 1588 ¹
235 1499 354 1580 aliquot
376 1498 454 1561 nihil
476 1498 622 1579 cuiquam
645 1498 842 1579 surripuerit,
859 1500 910 1560 vel
931 1519 996 1561 non
1015 1520 1150 1561 vacuum
1167 1500 1227 1561 via·

234 1607 335 1659 torem
350 1597 463 1659 lubens
478 1597 676 1677 praeterierit
691 1597 901 1674 insalutatum,
919 1598 1034 1677 laqueo
1048 1598 1225 1661 damnatur.
1242 1624 1272 1661 ro

236 1695 285 1757 lta
314 1695 426 1757 crescit
455 1694 558 1757 indies
585 1696 718 1757 istorum
746 1706 896 1776 potestas,
928 1706 959 1757 et
990 1716 1031 1757 ex
1066 1716 1130 1775 quo
1165 1696 1228 1759 lata

237 1793 437 1856 Phenacibus
466 1793 517 1855 lex
546 1805 595 1857 est
619 1794 659 1856 de
688 1793 762 1855 filiis
791 1805 865 1855 natu
888 1793 1068 1879 ¹minoribus
1095 1801 1228 1874 prorsus

235 1890 479 1968 exheredandis,
495 1892 583 1953 auxit
605 1912 669 1954 non
692 1912 803 1972 parum
825 1902 1003 1972 spontanea
1021 1890 1114 1973 pubis
1133 1892 1226 1955 etiam

235 1990 400 2053 nobilioris
414 1990 607 2053 accessione.

237 2132 244 2140 -
278 2088 325 2150 Pii
343 2088 482 2150 Moronii
497 2108 563 2151 non
578 2098 641 2150 tam
656 2108 768 2149 cruces
781 2088 890 2149 colunt
905 2108 1000 2169 quam
1015 2088 1066 2149 isti
1081 2090 1227 2151 oderunt.
1242 2110 1271 2161 1⁵

236 2187 428 2265 Quanquam
454 2206 531 2267 ergo
556 2186 609 2262 illi,
637 2206 677 2247 ex
706 2174 773 2246 initi
801 2206 870 2247 cum
899 2185 1066 2247 Lavemiis
1090 2186 1228 2249 foederis

234 2297 355 2362 tenore,
371 2283 548 2348 incolumes
569 2305 605 2348 se
624 2283 711 2347 domi
731 2282 896 2356 ¹continere
915 2295 1058 2365 possunt,
1074 2284 1101 2347 si
1121 2296 1227 2347 tamen

235 2383 296 2446 huc
317 2383 400 2446 erint
421 2384 552 2464 evagati,
569 2384 630 2446 hoc
652 2403 716 2445 uno
738 2383 868 2445 nomine
889 2382 1062 2463 suspendio
1084 2383 1227 2464 plerique
1264 2437 1267 2440 ,

234 2491 377 2562 pereunt,
405 2481 491 2561 quod
517 2482 579 2544 hoc
608 2481 701 2562 signo
729 2481 814 2544 istud
843 2480 989 2561 supplicii
1017 2501 1121 2562 genus
1149 2465 1253 2564 ipsis'

235 2580 429 2658 exprobrare
443 2579 621 2642 videantur.
1243 2607 1274 2642 ιο

278 2676 448 2759 Nunquam
474 2698 538 2740 non
565 2678 714 2741 intestina
739 2679 822 2741 bella
847 2680 931 2740 inter
958 2678 1096 2740 tribuum
1125 2679 1229 2761 capita

235 2774 389 2853 oriuntur,
403 2777 479 2837 dum
494 2775 650 2856 peculium
663 2777 797 2856 quisque
808 2796 900 2838 suum
912 2775 1032 2855 repetit,
1047 2776 1229 2856 detinetque

235 2873 391 2936 alienum:
421 2875 504 2954 quod
528 2876 694 2938 commode
714 2875 844 2955 quidem
865 2873 949 2935 cedit
970 2873 1039 2935 orbi
1062 2874 1227 2947 univers03

235 2973 410 3034 verendum
433 2972 517 3034 enim
539 2974 631 3052 foret,
647 2993 687 3035 ne
709 2983 755 3034 tot
774 2983 902 3052 tamque
920 2972 1116 3051 perditorum
1131 2973 1228 3034 homi-

236 3091 311 3132 num
336 3071 505 3132 coniuncta
529 3071 589 3149 viS,
613 3081 705 3133 aucta
729 3070 879 3150 quotidie,
904 3069 937 3130 in
960 3069 1133 3149 perniciem
1158 3070 1227 3132 reli·
1242 3093 1272 3144 ²5

235 3189 367 3249 quarum
395 3169 535 3249 gentium
561 3169 777 3249 conspiraret:
810 3188 904 3249 quam
932 3168 973 3231 ob
1002 3187 1129 3229 causam
1157 3185 1228 3246 pru·

235 3267 396 3330 dentiores
414 3267 578 3330 Phenaces
593 3278 624 3329 et
639 3269 743 3330 ferunt
757 3266 929 3348 interillos
944 3277 975 3328 et
988 3266 1079 3328 alunt
1092 3265 1172 3328 lites.

278 3363 353 3426 Non
367 3365 497 3426 minima
512 3366 581 3428 laus
596 3375 645 3428 est
656 3366 750 3428 etiam
761 3364 911 3446 parvulis,
923 3365 1009 3443 quod
1020 3364 1095 3425 olim
1108 3363 1228 3426 Caesar

235 3462 275 3525 de
292 3463 453 3525 veteribus
470 3463 649 3542 Germanis,
666 3463 836 3527 artificiose
852 3462 950 3524 furari
959 3483 969 3540 ;
997 3481 1079 3542 quos
1093 3483 1112 3522 a
1125 3457 1225 3523 tener·

235 3560 334 3639 rimis,
356 3570 387 3623 et
412 3563 588 3643 praeceptis
613 3583 695 3643 quae
720 3573 834 3624 vocant
861 3559 1055 3622 Hermeticis
1083 3557 1226 3622 imbuunt
1239 3582 1271 3632 30

235 3673 266 3724 et
281 3660 446 3741 exemplis.
477 3660 612 3723 Videbis
627 3660 805 3737 infantulos,
822 3658 917 3722 ctiam
932 3659 1007 3720 dum
1020 3659 1061 3719 ab
1076 3658 1226 3722 uberibus

235 3770 368 3822 matrum
397 3759 546 3840 pendent,
577 3758 728 3820 aciculam
759 3759 938 3820 subducere
965 3755 1017 3818 vel
1045 3776 1227 3820 nummum:

217 3859 320 3937 quod
341 3857 369 3918 si
391 3877 456 3920 non
479 3857 556 3919 satis
578 3857 689 3918 audaci
709 3858 759 3918 vel
782 3857 868 3918 lenta
886 3874 979 3918 manu
999 3875 1066 3918 rem
1085 3856 1228 3933 aggressi

708 3975 728 4016 s
743 3975 762 4014 2

1377 3950 1459 3974 A
