3142 4575
254 518 326 561 car.
341 498 418 581 vui]
646 498 866 562 MORONlA
1205 522 1245 581 79

253 657 405 734 emittere,
425 676 461 719 ac
484 656 562 718 nihil
584 675 648 718 non
671 654 813 735 quotidie
835 664 1008 734 praestare,
1023 658 1109 736 quod
1132 677 1151 719 a
1172 677 1246 737 quo·

252 756 301 817 vis
314 756 365 817 vel
380 754 543 817 hominum
558 754 609 816 vel
627 752 827 817 Daemonum
841 752 911 815 fieri
924 752 1036 833 possit.

253 956 349 1017 Secr.
372 972 400 1014 2.
429 951 572 1013 ‘Doxrnz
593 970 727 1012 Arrana
747 947 932 1015 Monouran
953 953 1037 1016 Pmn
1058 954 1247 1017 Pnovmcm

295 1102 418 1177 Doxm,
444 1120 519 1182 pars
552 1100 659 1177 altera,
686 1100 870 1163 varietatem
899 1102 1068 1183 plurimam
1099 1114 1246 1181 ostentat,

255 1198 429 1280 elegantiae
463 1218 584 1278 parum.
640 1196 736 1261 Nulla
767 1199 818 1261 hic
846 1199 921 1261 villa
949 1201 1036 1264 nulla
1064 1202 1179 1264 domus
1207 1202 1247 1264 ad

255 1296 383 1360 alterius
402 1297 536 1358 formam
556 1296 770 1359 construitur:
792 1298 938 1377 singulae
959 1319 1073 1361 novam
1088 1314 1277 1380 quamques

255 1395 389 1458 maxime
404 1394 473 1456 fieri
488 1405 592 1475 potest
607 1415 626 1456 a
641 1394 771 1474 reliquis
786 1395 1020 1476 discrepantem
1035 1398 1200 1461 adlectant.

295 1494 404 1556 Liceat
428 1493 506 1555 mihi
528 1512 660 1554 monere
680 1493 768 1554 orbis
791 1494 932 1555 universi
958 1496 1116 1573 dominos,
1143 1517 1244 1576 reges

254 1594 470 1674 imperatores
494 1592 589 1653 modo
611 1610 690 1653 suae
712 1591 783 1672 paci
805 1612 842 1653 ac
865 1592 1005 1671 ipsorum
1031 1594 1126 1656 saluti
1148 1595 1247 1674 probe

255 1691 432 1753 consultum
463 1690 571 1767 velint,
608 1688 789 1751 haereticos
825 1710 944 1765 omnes,
981 1692 1069 1771 pacis
1103 1692 1248 1772 publicae

256 1790 374 1850 iuratos
388 1788 498 1851 hostes
512 1807 549 1849 ac
564 1787 812 1867 perturbatores,
829 1787 890 1849 huc
905 1789 1057 1869 relegent.
1261 1805 1294 1842 ιο

363 1986 445 2048 Car.
471 1984 533 2047 lX.
579 1985 712 2047 SrArus
736 1985 911 2047 Civmams
934 1986 1138 2051 Moaomcan

297 2136 437 2199 Unssruu
452 2135 580 2215 quidem
593 2135 789 2215 singularum
801 2136 944 2215 regimen
956 2136 1093 2198 medium
1106 2148 1154 2199 est
1166 2142 1250 2199 inter

256 2233 504 2297 aristocraticum
536 2243 566 2294 et
595 2234 851 2295 democraticum.
899 2232 995 2313 Eligit
1023 2234 1084 2297 sibi
1112 2237 1248 2316 populus

256 2355 348 2416 quem
364 2333 482 2396 mavult
500 2343 684 2396 senatorum
699 2353 886 2409 numerum
909 2334 962 2413 qui
984 2354 1088 2414 neque
1108 2334 1247 2396 annuum

255 2443 379 2514 gerunt,
411 2453 514 2512 neque
533 2443 732 2512 'perpetuum
762 2432 991 2511 magistratum,
1021 2434 1079 2494 sed
1108 2453 1166 2514 pro
1196 2433 1248 2495 eli·

256 2532 361 2612 gentis
378 2531 565 2612 plebeculae
584 2531 714 2592 arbitrio
735 2540 888 2610 praesunt
908 2530 1166 2612 praesidentque.
1211 2531 1248 2592 Si
1263 2562 1293 2613 15

257 2651 349 2713 quem
378 2631 495 2692 habent
523 2631 637 2690 nimiae
667 2629 812 2690 fortassis
839 2629 1027 2708 prudentiae
1054 2641 1245 2710 suspectum,

257 2731 340 2792 hunc
356 2730 461 2792 statim
477 2728 665 2790 ostracismo
681 2725 842 2788 severiore
859 2746 878 2787 e
894 2727 962 2788 suis
977 2727 1094 2789 finibus
1109 2728 1245 2789 eiiciunt.
