3142 4575
369 555 407 613 18
552 512 750 613 nunnus
780 551 935 613 aaran
965 545 1032 639 ΕΤΙ
1054 552 1169 613 turn
1255 551 1357 635 [um

410 711 484 774 Dux
512 712 616 773 avium
644 712 865 773 animadvertit
892 712 953 773 sibi
982 713 1131 791 praedam
1161 724 1192 774 et
1220 733 1262 775 ex
1290 724 1358 776 toto

367 810 491 889 agmine
510 810 615 890 seligit
633 810 782 890 quicquid
797 812 902 890 palato
918 811 1053 872 maxime
1069 811 1219 873 arriserit.
1262 811 1359 874 Nunc

367 908 448 969 duos
462 910 569 985 boveS,
586 930 669 970 nunc
693 910 896 988 elephantum
915 910 1004 988 rapit.
1050 908 1132 969 Dein
1148 910 1253 971 statim
1268 910 1360 972 alites

369 1006 489 1087 reliqui,
511 1026 571 1087 pro
592 1028 650 1069 suo
673 1008 807 1088 quisque
839 1008 987 1087 appetitu,
1011 1008 1044 1068 in
1068 1008 1224 1087 reliquum
1246 1030 1359 1089 agmen

341 1104 510 1183 tirruunt;
543 1106 627 1167 hunc
654 1106 761 1182 vitulo,
793 1106 880 1167 illum
908 1127 1002 1185 agno,
1025 1126 1104 1186 apro
1121 1107 1236 1186 alium,
1263 1108 1361 1169 alium

369 1224 482 1265 ansere
496 1205 548 1265 vel
570 1225 672 1285 cygno
687 1205 797 1265 videas
818 1215 977 1265 onustum.
1022 1204 1096 1279 Quo
1118 1206 1254 1267 subinde
1268 1206 1359 1281 facte,

369 1322 488 1379 omnes,
506 1323 570 1364 non
586 1302 655 1377 sine
670 1323 787 1364 canora
807 1302 916 1382 populi
931 1303 1162 1379 acclamatione,
1181 1305 1307 1366 avolant
1329 1315 1362 1367 et

369 1400 559 1483 intuentium¹
574 1401 682 1463 oculos
697 1400 862 1481 effugiunt.

412 1499 571 1579 Quicquid
587 1510 743 1580 superest,
753 1499 839 1579 quod
854 1520 931 1561 sane
946 1500 1116 1580 plurimum
1130 1512 1164 1562 ut
1178 1502 1220 1564 sit
1231 1522 1362 1565 necesse

329 1622 359 1657 ιο
371 1608 428 1674 est,
453 1608 486 1659 ut
514 1598 569 1659 illo
594 1598 662 1678 ipso
685 1599 737 1659 die
760 1619 779 1659 a
803 1600 921 1678 populo
950 1598 1019 1660 istic
1045 1599 1263 1663 discumbente
1291 1622 1363 1664 con·

370 1707 513 1758 sumatur
526 1696 678 1777 praecipit
700 1697 801 1776 pietas
810 1717 819 1774 ;
842 1718 905 1776 quo
919 1696 965 1758 sic
979 1718 1014 1758 se
1030 1697 1162 1759 nimium
1177 1699 1310 1779 replent,
1327 1712 1363 1764 ut

371 1805 428 1875 p'er
449 1794 519 1857 dies
541 1794 606 1857 fere
628 1795 837 1875 quadraginta
857 1815 985 1857 carnem
1007 1796 1176 1872 fastidiant,
1193 1807 1224 1858 et
1245 1798 1363 1861 exinde

369 1892 511 1977 piscibus
539 1904 712 1968 vescantur,
738 1914 809 1955 cum
838 1905 872 1955 ut
899 1914 935 1955 se
964 1905 1107 1955 recreent
1136 1895 1363 1975 aliquantulum

372 2002 459 2052 tanta
485 1991 676 2053 serculorum
704 1991 864 2068 varietate,
889 2003 955 2053 tum
978 2002 1013 2053 ut
1039 2013 1080 2054 eo
1107 1993 1229 2057 acriore
1257 1994 1364 2057 animo

329 2106 359 2156 15
374 2110 500 2153 carnem
514 2089 569 2153 diu
584 2092 759 2171 neglectam
774 2091 1008 2171 aggrediantur.

550 2321 632 2384 Car.
654 2322 714 2384 X-l.
761 2323 906 2385 Euserio
929 2323 1044 2385 Maeui
1070 2325 1175 2388 Ducrs

417 2473 560 2536 Fusrruo
589 2474 629 2535 ad
653 2473 804 2552 palatium
836 2440 945 2554 Magbi
971 2474 1078 2552 Ducis,
1109 2497 1172 2554 quo
1201 2496 1252 2537 me
1273 2476 1366 2538 duxit

375 2591 465 2634 meus
479 2572 604 2634 Genius
618 2571 759 2648 feliciter,
776 2572 831 2633 illo
847 2573 917 2652 ipso
931 2573 983 2636 die
998 2594 1062 2654 quo
1084 2595 1186 2636 novus
1203 2574 1366 2656 princeps,

375 2690 433 2749 pro
449 2691 536 2732 more
551 2657 648 2750 regni,
665 2671 841 2732 creabatur.

419 2768 457 2829 ln
482 2769 597 2832 isthmo
625 2769 719 2850 plane
745 2769 849 2830 medio
875 2769 958 2832 inter
980 2780 1146 2851 utramque
1167 2771 1365 2851 provinciam

333 2894 364 2930 20
378 2867 438 2930 sita
467 2880 516 2930 est
550 2889 608 2930 arx
639 2869 732 2948 longe
765 2869 996 2948 augustissima,
1028 2890 1122 2949 quarn
1153 2869 1257 2930 serunt
1289 2869 1366 2939 olim

376 2966 532 3030 struxisse
558 2967 723 3029 Omasium
747 2967 907 3046 quendam
932 2969 1102 3048 gigantem,
1126 2979 1234 3030 vastae
1262 2968 1366 3046 moliS,

375 3085 485 3146 parem
501 3065 554 3142 illi,
574 3065 752 3144 quicunque
767 3065 833 3141 fuit,
850 3065 988 3127 hominis
1009 3076 1161 3141 monstro,
1177 3067 1266 3127 cuius
1285 3069 1367 3128 duos

376 3164 675 3226 dentesmaxillares
686 3184 704 3224 e
715 3174 811 3244 puteo
817 3165 955 3244 quodam
966 3164 1221 3245 Cantabrigiensi
1231 3165 1367 3230 effossos

377 3263 450 3339 vidi,
467 3263 520 3324 vix
535 3264 673 3324 humano
688 3263 790 3345 capite
804 3263 953 3325 minores

333 3382 365 3430 25
421 3361 547 3424 Scilicet
559 3362 608 3422 hic
620 3361 740 3441 primus
756 3361 919 3441 regionem
929 3362 1019 3436 hanc,
1031 3361 1105 3422 olim
1117 3363 1176 3422 sub
1187 3361 1367 3443 Frugionae

378 3461 498 3524 ditione
521 3460 667 3542 positam,
690 3459 823 3540 subegit,
848 3460 938 3523 eiecit
962 3459 1086 3539 priores
1111 3460 1239 3535 incolas,
1266 3481 1368 3524 novos

377 3561 513 3642 populos
541 3559 629 3620 dedit
658 3569 689 3621 et
718 3559 787 3620 iura
816 3579 907 3621 nova.
961 3557 1061 3620 Cuius
1092 3558 1229 3620 animam
1257 3570 1368 3638 putant

378 3657 637 3721 monstrosissimi
670 3656 754 3719 alitis
784 3656 917 3718 sormam
946 3677 1054 3718 errore
1086 3657 1295 3737 Pythagorico
1324 3658 1367 3718 in·

378 3758 494 3833 duisse,
527 3776 661 3836 eumque
691 3755 862 3834 quotannis
889 3755 950 3816 hoc
978 3754 1114 3831 nomine,
1146 3754 1191 3816 uti
1219 3755 1366 3833 diximus

335 3883 366 3934 30
379 3867 460 3919 stato
474 3856 525 3919 die
539 3865 745 3917 venerantur,
825 3854 827 3858 ’
1166 3848 1168 3853 ’
