3142 4575
412 1035 414 1038 ’
478 1030 668 1111 LIBER
709 1029 985 1111 TERTIUS

612 1234 848 1337 nouorum

355 1432 435 1496 Car.
462 1432 486 1494 1.
533 1430 702 1494 Nuurnus
727 1428 910 1491 Monoumr
933 1448 972 1491 rr
997 1428 1099 1514 Srrus

252 1611 253 1615 ’
279 1600 440 1667 Mortuum
463 1604 553 1685 regio
575 1614 623 1666 est
649 1603 790 1665 omnium
816 1623 897 1683 quas
921 1604 984 1666 vidi
1010 1603 1227 1679 incultissima,
1294 1614 1302 1628 ·

237 1703 423 1779 vastissima,
440 1700 696 1782 populosissima.
741 1700 836 1777 Sane,
854 1702 881 1763 si
901 1702 972 1782 quis
992 1702 1024 1762 in
1045 1702 1229 1764 celebrioris

236 1800 368 1862 alicuius
391 1800 523 1879 emporii
546 1801 642 1862 bursa
663 1800 853 1875 obambulet,
871 1800 1024 1883 mundum
1048 1801 1109 1861 huc
1129 1809 1228 1861 totum

236 1898 429 1961 confluxisse
443 1892 603 1960 iudicabit.
650 1896 718 1959 Nec
733 1918 783 1959 me
799 1898 875 1959 latet
894 1898 970 1978 quid
986 1898 1027 1958 de
1052 1897 1230 1978 Europaeo-

237 2016 306 2057 rum
321 2016 455 2058 numero
471 1994 676 2075 scriptitarint
691 1994 856 2073 historici;
878 1994 956 2057 illud
972 2015 1049 2057 vero
1064 2005 1230 2075 quantum·
1245 2018 1259 2066 5

237 2114 360 2175 cunque
381 2104 430 2156 est
451 2094 551 2155 libere
573 2094 796 2156 concedamus.
854 2092 1011 2155 Novimus
1037 2104 1069 2155 et
1092 2092 1167 2173 quid
1191 2093 1232 2154 de

237 2192 456 2270 Chinensium,
473 2212 617 2273 quorum,
634 2202 668 2253 ut
683 2179 851 2271 perhibent
861 2192 914 2271 qui
926 2192 967 2253 de
977 2191 1101 2271 magnis
1112 2191 1232 2251 maiora

238 2292 415 2372 loquuntur,
433 2291 552 2371 septies
573 2303 708 2352 centena
726 2290 824 2351 millia
843 2290 967 2352 soleant
985 2289 1017 2350 in
1039 2290 1099 2350 hac
1120 2289 1231 2361 audaci

237 2389 324 2451 orbis
338 2389 489 2452 censione
501 2389 678 2451 numerari:
700 2407 788 2450 mera
798 2389 940 2469 profecto
955 2389 1006 2449 hic
1020 2388 1159 2450 solitudo
1171 2399 1227 2462 est,

238 2487 264 2547 'si
280 2506 351 2548 cum
366 2487 623 2567 frequentissimo
642 2477 809 2549 Moroniae
823 2487 942 2567 populo
956 2487 1146 2550 conseratur.
1163 2472 1166 2479 ’
1246 2503 1276 2539 10

176 2655 177 2658 Ἴ
278 2585 381 2648 Terra
403 2585 463 2648 sita
486 2596 535 2648 est
560 2587 620 2648 sub
645 2585 716 2666 ipso
739 2585 815 2666 polo
837 2573 1028 2662 Antarctico,
1053 2586 1099 2646 uti
1121 2595 1231 2648 contra

237 2685 296 2746 sub
318 2679 457 2761 Arctico‘,
482 2683 711 2765 Pygmaeorum
723 2704 731 2760 ;
761 2693 793 2744 et
814 2703 892 2745 sane
913 2684 975 2745 iam
996 2671 1122 2746 subolet
1143 2685 1231 2761 mihi,

238 2803 278 2844 ex
300 2803 363 2845 una
385 2783 562 2863 eademque
583 2802 686 2859 causa,
703 2781 822 2862 frigore
842 2781 989 2843 nimirum
1005 2782 1172 2864 utriusque
1186 2803 1232 2844 re·

237 2880 343 2960 gionis
358 2881 584 2958 intensissime,
597 2891 629 2944 et
643 2880 875 2961 Pygmaeorum
895 2881 1068 2943 exilitatem
1081 2891 1113 2942 et
1128 2881 1232 2943 Moro-

239 2999 352 3056 norum
385 2980 601 3060 stupiditatem
638 2979 846 3058 provenisse:
882 2999 945 3059 qua
973 2979 1101 3060 quidem
1133 2978 1167 3040 in
1194 2999 1230 3041 re
1250 3002 1278 3054 ¹⁵

239 3071 371 3157 pulchre
393 3077 453 3138 sibi
475 3077 648 3157 respondet
672 3077 813 3154 Natura;
838 3079 923 3157 quod
948 3078 980 3138 in
1002 3076 1101 3138 altera
1123 3077 1233 3137 mundi

240 3174 334 3254 plaga
354 3173 465 3236 vitium
488 3173 641 3252 corporis,
664 3174 760 3234 animi
781 3194 858 3236 vero
881 3174 913 3235 in
937 3175 1044 3251 altera,
1070 3195 1111 3236 ex
1136 3174 1233 3235 nimia

239 3272 318 3334 solis
344 3271 519 3334 remotione
548 3270 617 3332 fieri
640 3271 749 3332 voluit.
793 3271 853 3333 Cui
883 3283 914 3333 et
943 3273 1003 3334 hoc
1028 3273 1124 3335 fidem
1150 3273 1233 3350 lacit,

239 3369 325 3449 quod
341 3369 394 3450 qui
412 3361 472 3431 sub
489 3368 603 3430 mediis
623 3388 659 3430 ac
679 3370 862 3448 temperatis
882 3370 961 3431 caeli
981 3371 1071 3434 zonis
1091 3371 1234 3432 habitant

241 3478 272 3529 et
287 3467 392 3528 animo
406 3454 652 3529 valere'soleant
671 3477 702 3529 et
724 3486 866 3548 corpore.
912 3467 978 3531 Sed
997 3468 1180 3550 philosophi
1201 3469 1232 3530 id
1246 3485 1277 3520 20

240 3574 352 3626 curent
366 3563 493 3638 scilicet.

282 3661 333 3721 Ab
348 3671 456 3722 austro
471 3661 623 3740 Crapulia
637 3663 843 3741 terminatur;
863 3663 1030 3743 Viraginia
1041 3650 1075 3726 et
1089 3674 1233 3727 extremo

245 3755 425 3836 Frugionae
451 3751 576 3839 ang-ulo,
605 3761 644 3821 ab
668 3761 811 3835 oriente;
840 3762 879 3822 ab
904 3763 1069 3825 occidente
1094 3763 1234 3846 denique

244 3855 409 3916 Lavernia.
711 3855 712 3859 ’
1125 3874 1128 3877 ·

713 3974 765 4016 sa
