3142 4575
217 590 290 632 cnr.
307 569 358 651 rx]
542 639 544 649 Ι
601 572 836 634 CRAPULIA
1175 593 1211 651 17

216 738 272 791 aut
294 728 394 790 malas
423 748 545 790 merces
573 730 721 791 obtrudat
750 730 882 809 emptori
914 741 972 792 ‘aut
1004 730 1112 791 debito
1139 730 1212 807 plus

217 826 334 905 exigat.

477 999 556 1061 CAP.
581 999 622 1062 X.
668 1000 810 1062 Rome-10
834 1000 956 1062 Porum

258 1130 368 1191 Iovem
391 1132 522 1198 horrent
544 1132 638 1210 quod,
662 1132 715 1193 illo
737 1141 875 1209 tonante,
893 1133 1001 1193 vinum
1023 1144 1158 1210 acescat,
1180 1144 1212 1196 et

140 1270 142 1277 .
216 1228 302 1307 quod
317 1228 417 1289 imbre
433 1228 655 1307 intempestivo
669 1229 776 1309 fruges
791 1230 932 1291 suffocet.

259 1324 410 1405 Tempori
437 1326 516 1402 De0,
540 1338 573 1387 ut
596 1347 701 1389 rerum
727 1328 867 1389 omnium
894 1330 1091 1407 edacissimo,
1114 1331 1240 1395 aedes5

134 1421 137 1427 '
218 1423 280 1485 illic
294 1424 358 1487 vidi
373 1437 510 1488 structas
524 1427 693 1507 eleganter,
711 1428 742 1488 in
759 1428 873 1508 quibus
889 1428 1055 1505 Saturnus
1074 1429 1210 1491 filiorum

216 1542 347 1585 suorum
363 1524 511 1602 tumulus,
527 1536 594 1587 arte
611 1526 690 1587 mira
705 1528 853 1588 caelatur.

258 1622 358 1685 Sacra
372 1623 489 1685 faciunt
504 1624 609 1686 Genio
627 1624 712 1701 Loci,
730 1625 820 1687 cuius
841 1626 906 1687 lere
921 1626 1020 1689 solius
1035 1639 1212 1707 agnoscunt

216 1742 354 1799 numen;
385 1722 438 1802 qui
468 1722 568 1784 forma
589 1723 717 1784 maximi
739 1724 1001 1803 voracissimique
1025 1725 1109 1786 alitis
1133 1728 1211 1803 (nuc

215 1818 378 1899 appellant
406 1820 540 1899 incolae)
568 1822 772 1901 conspicuum
809 1842 845 1883 se
873 1822 1003 1901 praebet
1031 1809 1209 1902 quotannis,
1226 1848 1256 1881 10

217 1922 460 1999 exspectaturus
485 1940 615 1981 suorum
636 1931 720 1981 vota.
766 1920 851 1982 Huic
871 1920 916 1980 illi
938 1922 1054 1982 crudas
1073 1922 1211 1984 offerunt

215 2018 428 2093 hecatombas,
450 2020 512 2080 hoc
533 2019 628 2079 modo
640 2041 688 2079 :-

169 2176 172 2180 .
257 2115 359 2178 Vasta
373 2116 522 2195 planities
539 2116 695 2178 Lecanica
716 2127 773 2191 est,
790 2120 830 2179 ab
852 2118 982 2179 australi
996 2128 1086 2199 parte
1101 2120 1210 2181 monti·

216 2215 277 2275 bus
305 2215 445 2294 undique
473 2214 702 2275 circumcincta.
747 2214 835 2294 Huc⁸
849 2217 1018 2278 convolant
1046 2228 1133 2278 certo
1158 2219 1210 2280 die

216 2312 339 2396 incolae
360 2313 401 2374 ad
423 2333 519 2374 unum
541 2333 661 2389 omnes,
678 2316 860 2394 ducuntque
881 2335 990 2376 secum
1012 2316 1209 2376 innumeram
1226 2333 1254 2381 15

215 2410 279 2473 vim
294 2411 397 2473 omnis
415 2411 544 2490 generis
565 2432 724 2492 pecorum,
741 2412 963 2491 iumentorum,
978 2413 1097 2476 alitum.
1142 2414 1210 2475 Ele·

215 2509 362 2588 phantoS,
392 2509 618 2588 rhinocerotes
657 2512 804 2588 camelos
835 2507 916 2592 qrios
951 2513 984 2572 in
1013 2513 1097 2573 hunc
1126 2512 1210 2573 diem

215 2608 371 2688 saginant,
387 2609 486 2670 boves
503 2609 753 2689 procerissimos,
770 2631 875 2690 apros
893 2631 978 2685 oveS,
996 2629 1117 2690 capraS,
1134 2612 1210 2690 quin
1225 2660 1227 2663 .

216 2717 248 2768 et
262 2726 346 2783 aveS,
363 2717 518 2787 quotquot
536 2718 618 2784 sunt,
634 2709 738 2769 nudas
755 2719 850 2788 atque
865 2709 1038 2788 deplumes,
1055 2709 1210 2788 quasique

216 2803 381 2865 includunt
409 2805 442 2865 in
472 2806 730 2885 spatiosissimam
761 2807 843 2868 hanc
871 2827 1009 2868 caveam.
1057 2805 1123 2884 Ipsi
1152 2827 1210 2886 per
1225 2821 1257 2856 20

216 2903 369 2964 montium
385 2903 494 2978 latera,
510 2905 596 2966 velut
611 2904 725 2965 theatri
740 2905 874 2965 alicuius
888 2906 1009 2983 gradus
1023 2903 1137 2965 ordine
1148 2905 1209 2965 dis·

216 2999 319 3077 positi,
336 3001 430 3062 flexis
444 3002 578 3080 genibus
594 3013 779 3081 exspectant
794 3002 843 3063 sui
858 3001 999 3062 numinis
1014 3002 1195 3062 adventum.

257 3097 411 3174 Tandem,
429 3098 548 3177 ingenti
563 3100 713 3178 clangore
728 3121 764 3161 ac
785 3099 1008 3160 confusissimo
1031 3099 1164 3176 strepitu
1181 3109 1212 3159 et

217 3214 324 3272 ronco,
338 3196 433 3277 longe
444 3197 623 3276 conspicias
634 3197 883 3280 sacrumlalitem
895 3196 1019 3257 adunco
1031 3206 1146 3268 rostro,
1160 3196 1211 3256 sal-

215 3293 294 3354 catis
308 3295 475 3374 unguibuS,
493 3295 594 3356 oculis
608 3295 808 3371 micantibus,
817 3294 903 3354 mira
921 3304 1047 3354 caterva
1067 3293 1211 3372 harpyia·
1225 3320 1254 3370 25

215 3411 295 3468 rum,
313 3412 487 3469 corvorum,
505 3393 675 3470 vulturum,
691 3393 875 3472 accipitrum
893 3389 1034 3468 undique
1051 3389 1210 3467 stipatum.

215 3489 376 3551 Advolant
401 3491 562 3554 horrendo
588 3490 734 3566 stridore,
761 3500 793 3551 et
819 3489 880 3549 iam
906 3487 945 3546 ad
971 3487 1071 3548 instar
1093 3487 1212 3551 densae

216 3587 310 3650 nubis
324 3590 439 3652 vallem
461 3591 676 3653 subiacentem
698 3608 833 3650 numero
852 3595 884 3647 et
905 3601 1080 3663 pennarum
1100 3587 1213 3648 umbra

216 3697 334 3766 tegunt,
352 3689 515 3768 solemque
531 3700 562 3752 et
576 3689 697 3750 caelum
713 3687 866 3748 adimunt.
905 3680 971 3741 Ter
985 3682 1213 3745 circumvolant

199 3785 388 3866 planitiem,
405 3789 480 3848 dum
502 3788 626 3849 incolae
648 3785 836 3858 exclamant,
860 3789 1038 3859 precantur,
1063 3790 1209 3859 tremunt,
1220 3803 1250 3848 30
1313 3772 1318 3788 '

216 3883 422 3960 gratulantur.
755 3949 757 3952 ,
840 3897 843 3905 ’

706 4000 723 4043 c
