3142 4575
384 550 424 605 22
570 528 770 592 MUNDUS
798 527 954 592 ALTER
985 528 1043 591 ET
1074 528 1189 591 IDEM
1276 529 1382 612 [mar

385 687 466 749 vivis
481 686 640 749 ebriorum
660 686 867 749 cadaveribus
889 695 924 747 ut
942 686 1096 747 victorum
1116 686 1255 749 hostium
1276 697 1383 749 castra

385 784 491 847 solent
504 794 577 864 post
592 783 761 845 maximam
776 792 924 863 stragem.

394 1026 478 1090 Car.
493 1026 573 1089 XII.
616 1028 741 1089 lusum
761 1027 937 1089 anrmcn
955 1047 1018 1089 sau
1038 1027 1160 1090 Tanna
1181 1026 1372 1089 o'Hnussnr

426 1174 569 1238 Excnnr
584 1175 677 1237 nobis
694 1174 825 1237 Insulae
841 1174 1021 1236 Famelicae
1035 1175 1163 1237 mentio.

425 1272 529 1334 Terra
544 1282 592 1335 est
607 1284 746 1353 petraea,
761 1283 918 1347 montosa,
936 1272 1113 1349 infecunda,
1124 1273 1217 1350 nuda,
1234 1292 1381 1334 arenosa

357 1372 527 1451 5Arbores
549 1371 600 1432 hic
622 1370 751 1450 aliquot,
767 1371 824 1432 sed
840 1371 1058 1445 decorticatae,
1076 1371 1203 1447 calvae;
1224 1391 1307 1450 quae
1322 1390 1383 1432 nec

385 1468 522 1530 fructum
544 1469 648 1531 ferant
671 1488 729 1529 nec
751 1468 903 1555 frondes‚:
924 1469 1001 1547 quin
1024 1489 1128 1547 neque
1149 1468 1211 1529 flos
1233 1488 1293 1529 nec
1313 1489 1383 1548 gra·

384 1588 466 1643 men,
483 1568 569 1648 quod
584 1566 659 1629 alibi
674 1566 802 1628 virescit
817 1566 981 1643 iniussum,
998 1567 1122 1647 uspiam
1136 1566 1187 1627 hic
1202 1578 1359 1629 crescunt.

424 1666 521 1727 Veris
541 1664 717 1743 hiemisque
732 1664 819 1725 vices
834 1664 935 1725 nescit
954 1665 1057 1726 solum
1073 1684 1226 1726 exsucum
1241 1675 1272 1725 et
1286 1665 1384 1745 plane

384 1766 604 1839 demortuum;
638 1762 747 1825 nescio
777 1782 818 1823 an
844 1762 961 1823 herbas
990 1763 1184 1843 frondesque
1208 1763 1382 1843 primulum

341 1883 372 1919 10
386 1872 572 1925 enascentes
587 1872 718 1941 carpant
732 1870 909 1940 vorentque
924 1860 1098 1922 avidissimi
1115 1860 1292 1939 indigenae.

427 1960 607 2022 lncolarum
630 1978 723 2020 nemo
746 1958 837 2019 sedet
858 1957 909 2019 hic
931 1959 1052 2035 volens,
1068 1959 1125 2019 sed
1148 1959 1263 2020 exsilio
1282 1980 1300 2020 e
1322 1980 1383 2021 sua

385 2070 468 2121 terra
484 2061 611 2120 eiectus
651 2056 696 2117 Hi
707 2076 819 2117 omnes
832 2056 938 2118 colore
950 2067 1025 2117 sunt
1037 2057 1125 2118 fusco
1137 2067 1169 2118 et
1180 2058 1362 2137 subpallido
1373 2080 1383 2135 3

384 2168 455 2218 cute
470 2158 557 2232 dura,
575 2164 735 2216 contracta
750 2165 780 2216 et
797 2154 959 2233 elephanti
982 2173 1071 2215 more
1093 2153 1198 2215 hiulca
1208 2176 1218 2232 ;
1239 2156 1383 2219 omnium

385 2275 466 2336 quos
481 2254 529 2317 sol
545 2253 632 2316 videt
647 2252 907 2316 macilentissimi.

342 2367 370 2416 15
426 2353 560 2414 Videbis
591 2351 642 2413 hic
674 2351 770 2412 alium
803 2351 922 2412 muscis
958 2351 1169 2429 insidiantem,
1198 2354 1384 2417 vermiculis

385 2453 503 2530 alium;
526 2471 585 2512 nec
608 2451 726 2512 desunt
741 2450 796 2529 qui
813 2460 917 2510 terrae
937 2460 1039 2511 cutem
1063 2453 1181 2536 radunt
1201 2453 1332 2515 cultello
1348 2466 1383 2516 ut

385 2550 509 2612 abditas
538 2559 692 2628 quaerant
721 2548 891 2608 herbarum
922 2547 1088 2611 radiculas.
1133 2549 1220 2625 Quin
1255 2562 1287 2612 et
1320 2553 1384 2614 sibi

384 2659 505 2725 mutuo,
534 2647 588 2706 ubi
617 2645 748 2720 licuerit,
773 2647 911 2724 praedae
944 2658 1026 2724 sunt,
1057 2667 1115 2709 nec
1144 2667 1238 2727 quem
1268 2649 1387 2715 liberat

384 2747 538 2808 advenam
555 2745 716 2820 novitium,
735 2745 796 2805 nisi
811 2744 862 2805 vel
877 2744 974 2804 robur
990 2745 1040 2806 vel
1056 2746 1246 2809 macilentia.
1394 2817 1397 2824 ¹

340 2859 371 2894 20
429 2843 524 2905 Fabri
545 2843 667 2904 ferrarii
690 2843 756 2904 sere
778 2852 852 2903 sunt
874 2863 1004 2904 omnes:
1033 2864 1213 2922 quanquam
1238 2855 1269 2906 et
1294 2845 1384 2908 Pam·

384 2943 551 3023 phagones
565 2941 776 3021 philosophos
798 2941 861 3002 huc
883 2961 995 3002 omnes
1014 2961 1051 3002 ac
1070 2942 1211 3004 medicos
1226 2943 1381 3025 relegant,

384 3053 415 3103 et
433 3039 570 3119 Hispani
588 3060 682 3100 omne
697 3060 800 3118 genus
816 3039 1009 3101 libertorum.

425 3137 594 3199 Terribilis
624 3137 743 3198 formae
772 3136 875 3198 bestia
898 3157 956 3217 per
980 3137 1075 3199 huius
1099 3138 1223 3201 insulae
1252 3142 1384 3204 deserta
1476 3206 1477 3209 ,

385 3237 505 3319 passim
527 3237 662 3298 oberrat.
710 3233 985 3314 ‘Nuchtermagen
997 3235 1010 3294 'a
1025 3248 1146 3311 vocant,
1166 3238 1236 3300 sine
1258 3241 1363 3320 capite
1373 3261 1383 3318 ;

340 3360 352 3393 2
357 3360 370 3408 5
385 3353 467 3415 quae
483 3333 735 3395 horrendissimo
748 3333 861 3394 latratu
874 3332 994 3394 caelum
1007 3333 1135 3412 implet:
1158 3356 1252 3414 quem
1265 3357 1382 3401 sonum

385 3434 439 3514 qui
461 3431 559 3494 semel
581 3431 748 3492 duodecim
770 3431 920 3492 horarum
944 3431 1046 3511 spatio
1068 3452 1133 3493 non
1155 3434 1292 3496 audierit
1315 3456 1383 3498 sur-

384 3531 484 3593 descit
508 3530 612 3608 illico;
638 3541 687 3590 ter
710 3549 785 3590 vero
809 3529 863 3609 qui
887 3530 1024 3590 audierit
1049 3551 1108 3592 nec
1136 3533 1211 3610 quid
1241 3537 1383 3610 praedae

384 3629 535 3692 obiecerit
550 3639 625 3690 ante
641 3629 738 3689 horas
753 3627 921 3688 duodecim
937 3628 1079 3690 moritur.

423 3728 495 3790 Alia
524 3727 574 3788 hic
602 3727 750 3787 animalia
781 3736 908 3805 praeter
940 3726 1033 3804 lupos
1061 3738 1091 3787 et
1117 3727 1380 3811 cercopithecos,

339 3853 370 3902 30
384 3827 494 3889 caudis
509 3823 738 3904 aliquantulum
754 3834 873 3899 curtos
889 3823 976 3882 nulla
990 3823 1064 3885 vidi.
