3142 4575
340 512 383 589 64
526 512 726 577 MUNDUS
755 516 912 578 ALTER
942 517 1000 580 ET
1031 518 1146 580 IDEM
1202 518 1334 601 [unm

577 740 656 804 Car.
676 742 735 803 VI.
781 742 943 805 Monoum
968 744 1085 807 Fnrun

383 879 499 943 Numa
517 881 683 945 Moroniae
697 903 772 963 pars
786 894 849 945 tam
866 884 995 964 antiqua
1009 885 1059 946 vel
1078 895 1141 946 tam
1161 904 1334 947 numerosa

338 988 387 1040 est
415 998 510 1058 quam
532 980 611 1041 haec
635 999 718 1060 quae
749 980 849 1043 Fatua
876 983 973 1062 vulgo
1002 993 1211 1062 nuncupatur,
1231 970 1354 1044 'cuius'

326 1074 459 1159 'incolae
474 1077 655 1157 aborigines
674 1098 710 1140 se
728 1078 884 1141 Moronos
898 1079 1072 1143 venditant.
1119 1079 1211 1143 Haec
1225 1080 1332 1159 itaque

337 1193 401 1235 non
424 1174 515 1237 aliter
535 1175 701 1254 regionum
726 1186 828 1237 mater
849 1176 937 1237 audit
959 1196 1053 1256 quam
1075 1178 1200 1239 urbium
1227 1178 1332 1239 Pazzi·

309 1270 429 1348 5villa;
454 1291 491 1333 ac
511 1272 646 1352 proinde
669 1273 700 1335 in
725 1273 840 1349 medio,
864 1274 955 1353 quasi
979 1285 1043 1335 tam
1066 1274 1164 1354 lepidi
1188 1275 1333 1355 corporis

336 1367 514 1446 umbilicus,
524 1370 626 1431 locum
637 1370 740 1434 habet.
773 1370 856 1432 Nam
866 1372 905 1432 ab
917 1381 1026 1434 austro
1035 1372 1161 1452 Aspera
1171 1371 1329 1448 Moronia,

335 1468 376 1528 ab
402 1468 525 1531 oriente
551 1467 689 1545 Mobilis,
717 1470 756 1531 ab
781 1468 947 1532 occidente
973 1469 1038 1544 Pia,
1064 1490 1085 1532 a
1112 1469 1331 1549 septentrione

339 1563 437 1643 Felix,
454 1565 536 1628 hanc
550 1565 686 1628 mediam
702 1566 800 1647 cingit
814 1585 1079 1646 quaquaversum.

381 1664 459 1727 Pars
481 1664 649 1726 australior
665 1662 810 1727 Scioccia
831 1664 934 1744 magis
956 1664 1071 1745 ignava
1085 1676 1135 1727 est
1154 1686 1192 1728 ac
1206 1667 1330 1746 pituito-

205 1810 207 1815 .
293 1780 391 1824 rosa:
419 1762 480 1838 illa,
507 1782 589 1842 quae
611 1762 793 1843 aquilonem
819 1762 955 1843 respicit,
983 1762 1081 1825 multo
1107 1774 1139 1826 et
1163 1765 1331 1843 operosior

308 1874 313 1883 ·
336 1869 367 1921 et
382 1880 489 1922 rerum
503 1862 698 1941 agendarum
713 1861 853 1941 peritior.

378 1958 421 2021 Ni
435 1958 525 2021 testis
543 1959 687 2021 oculatus
704 1960 835 2023 fuissem
855 1979 979 2023 morum
996 1960 1214 2043 factorumque
1233 1963 1330 2043 stupi-

335 2057 485 2121 dissimae
505 2058 618 2137 gentis,
635 2078 699 2120 non
718 2057 926 2121 credidissem
948 2059 1079 2121 hercule
1099 2069 1245 2121 naturam
1264 2069 1329 2123 tam

335 2155 437 2217 brutis
450 2154 649 2218 animalculis
663 2155 828 2233 rationem,
839 2156 1072 2219 divinissimum
1086 2176 1210 2232 munus,
1227 2158 1329 2221 indul·

292 2270 321 2321 Ῑ5
335 2252 426 2318 sisse.
470 2252 592 2317 Omnes
613 2252 698 2316 enim
719 2253 773 2316 illa
794 2253 827 2316 in
851 2263 942 2335 parte
967 2274 1049 2336 quae
1073 2252 1327 2319 Maninconicam

337 2351 516 2415 Moroniam
531 2352 656 2434 attingit
677 2371 766 2414 more
786 2353 1027 2434 quadrupedum
1047 2353 1199 2414 incedunt
1215 2354 1308 2433 proni
1317 2375 1327 2432 ;

333 2470 400 2528 nec,
425 2471 507 2531 quae
528 2450 591 2512 illis
614 2450 693 2512 mira
713 2449 907 2530 simplicitas,
929 2451 1015 2514 aliud
1036 2470 1140 2531 genus
1161 2450 1327 2532 ingressus

333 2559 561 2630 cognoverunt
1091 2541 1094 2544 ⁴

376 2646 441 2709 Hic
465 2667 507 2709 ne
534 2648 726 2728 tuguriolum
755 2649 883 2729 quidem
908 2647 1008 2710 ullum
1035 2667 1167 2711 cernes:
1201 2648 1323 2728 partim,

290 2761 322 2797 ²0
334 2747 420 2826 quod
437 2745 498 2826 ipsi
516 2747 723 2808 domunculas
740 2747 801 2808 sibi
820 2765 933 2826 parare
949 2745 1102 2822 nesciunt,
1119 2747 1233 2826 partim
1248 2765 1325 2807 vero

333 2845 420 2924 quod
434 2845 474 2906 ab
485 2843 548 2907 alio
563 2855 698 2907 structas
710 2843 835 2924 ingredi
846 2863 911 2906 non
926 2843 1044 2906 audent
1058 2863 1099 2906 ne
1114 2843 1187 2906 tecti
1202 2843 1325 2906 ruentis

333 2942 417 3004 mole
431 2942 680 3024 supprimantur.

375 3038 468 3101 Multi
505 3040 556 3102 hic
585 3041 754 3120 quotannis
784 3060 863 3121 prae
897 3060 984 3120 mera
1004 3039 1121 3103 inedia
1146 3059 1183 3101 ac
1207 3040 1325 3120 frigore

333 3138 530 3217 moriuntur;
551 3139 668 3219 quippe
687 3139 741 3218 qui
761 3159 821 3200 nec
840 3138 944 3200 cibum
963 3157 1108 3218 coquere,
1125 3157 1183 3199 nec
1202 3149 1323 3201 vestem

289 3259 320 3308 ²5
333 3236 535 3314 concinnare,
569 3256 627 3299 nec
656 3247 802 3298 sternere
834 3236 959 3312 lectum,
988 3235 1085 3296 immo
1113 3254 1155 3296 ne
1183 3255 1323 3316 congrue

333 3333 461 3413 quidem
489 3334 595 3416 eloqui
629 3333 745 3398 norint.
791 3332 895 3396 Nemo
923 3343 1088 3414 parentem
1109 3352 1203 3394 suum
1234 3335 1323 3398 novit

332 3441 386 3494 aut
400 3430 498 3493 lilium
512 3443 566 3495 aut
587 3451 739 3509 uxorem;
764 3449 861 3494 nemo
875 3429 1030 3494 redeundi
1045 3430 1128 3493 viam
1149 3451 1212 3512 qua
1233 3430 1323 3510 prius

334 3548 482 3610 egressus
496 3540 557 3608 est,
572 3549 666 3593 nemo
687 3549 797 3592 ursum
816 3529 857 3590 ab
876 3549 947 3607 ove,
962 3530 1088 3593 leonem
1106 3549 1127 3591 a
1145 3529 1258 3592 catello
1278 3529 1323 3591 di·

333 3627 475 3708 stinguit.
524 3627 625 3689 lmmo
660 3638 735 3690 sunt
768 3626 822 3706 qui
851 3627 999 3708 ignorant
1027 3646 1090 3708 qua
1115 3626 1244 3688 tandem
1271 3627 1323 3689 via

288 3750 321 3803 3⁰
337 3725 441 3787 cibum
455 3725 516 3788 sibi
530 3735 676 3806 paratum
704 3723 867 3787 stomacho
893 3724 1047 3805 ingerant,
1072 3743 1130 3805 per
1157 3743 1253 3787 nares
1279 3743 1320 3787 an

333 3842 391 3904 per
409 3843 504 3887 aures
522 3831 575 3885 aut
590 3823 717 3902 siquod
732 3820 818 3882 aliud
834 3820 939 3882 minus
952 3833 1059 3901 aptum
1075 3821 1225 3884 foramen.
