3142 4575
227 549 298 594 cnr.
314 530 376 611 vn]
633 528 854 593 MORONIA
1183 554 1221 614 77

226 686 348 767 poculo,
365 706 428 765 quo
442 685 651 765 gravissImus
669 684 722 746 ille
737 705 837 765 sopor
849 686 973 767 pridem
988 688 1139 750 inductus
1152 699 1221 752 est:

226 784 310 846 unde
325 784 429 845 bonus
443 783 497 845 ille
512 802 570 844 rex
584 783 784 859 ephemerus,

340 931 403 999 lain
422 930 510 989 slmul
529 930 667 1003 expletus
684 930 810 1004 dapibus
827 931 957 1005 vitroque
975 934 1117 1006 sepultus,

227 1100 286 1162 per
317 1081 474 1163 posticum
509 1078 640 1142 effertur
667 1077 754 1141 loras
785 1080 958 1161 habituque
988 1083 1128 1164 proprio,
1164 1085 1222 1147 sed

226 1179 455 1261 aliquantulum
470 1178 655 1253 foedatiore,
668 1176 702 1239 in
717 1176 811 1239 trivio
826 1179 924 1240 miser
938 1180 1119 1260 exponitur.
1158 1182 1223 1244 Ubi
1235 1204 1250 1254 5

226 1298 298 1340 cum
312 1278 403 1341 adse
425 1262 565 1352 redierit,
579 1295 704 1338 rursum
723 1284 830 1355 stupet
844 1276 917 1356 quis
935 1287 968 1339 et
982 1278 1035 1339 ubi
1057 1277 1099 1340 sit
1118 1279 1224 1342 luerit·

226 1396 288 1457 que
316 1374 458 1456 pridem:
486 1394 523 1436 ac
551 1374 720 1436 revolvens
748 1373 855 1435 animo
884 1393 1037 1455 nuperam
1065 1378 1223 1459 modoque

226 1473 376 1537 amissam
404 1472 641 1549 beatitudinem,
665 1471 763 1534 eiulat
786 1470 911 1548 misere,
942 1484 1043 1535 semet
1071 1474 1222 1551 incusans

227 1570 294 1636 sive
309 1572 453 1647 inertiae,
462 1571 548 1651 quod
563 1570 665 1633 Divae
676 1579 741 1632 tam
755 1570 935 1651 praesentis
945 1590 1064 1648 vocem,
1078 1585 1175 1653 prout
1189 1575 1222 1635 in

227 1670 385 1733 mandatis
407 1669 559 1731 habuisse
584 1667 735 1743 meminit,
760 1687 826 1730 non
848 1668 1081 1752 auscultaverit,
1104 1673 1156 1734 vel
1178 1673 1223 1733 in·
1237 1706 1267 1741 10

227 1769 356 1851 gratiae,
366 1770 534 1849 quod,tam
544 1767 673 1848 inopina
681 1766 835 1846 dignitate
845 1766 940 1829 nimis
949 1767 1063 1847 elatus,
1071 1770 1233 1855 donantis,

228 1866 477 1930 munificentiam
494 1865 679 1946 neglexerit.
723 1862 817 1927 Cedit
836 1884 915 1946 ergo
932 1866 1103 1931 lacrimans
1115 1871 1221 1951 queri·

227 1977 371 2047 tansque,
393 1976 425 2029 et
446 1964 479 2027 id
501 1983 600 2027 unum
622 1964 733 2026 inore
754 1962 850 2025 habet
870 1964 1050 2045 animoque,
1069 1964 1222 2032 ‘Fuimus

228 2062 353 2127 Troes.'
398 2062 555 2126 Hortatur
572 2061 715 2142 reliquos
732 2071 767 2123 ut
782 2072 919 2143 pergant
932 2082 1033 2144 seque
1047 2065 1221 2143 praebeant

231 2159 334 2225 Divae
348 2162 525 2243 morigeros
535 2182 544 2238 ;
566 2159 708 2222 omnium
726 2178 762 2221 se
782 2159 962 2221 mortalium
980 2160 1080 2222 fuisse
1099 2162 1222 2240 pridem
1237 2191 1266 2242 ¹5

229 2260 454 2338 felicissimum,
472 2278 531 2322 sua
550 2258 651 2322 solius
664 2256 759 2338 culpa
775 2255 953 2320 excidisse:
976 2258 1062 2320 unde
1080 2258 1134 2320 alii
1150 2278 1219 2320 aus·

229 2358 384 2442 picatiora
409 2358 471 2427 sibi
502 2357 609 2426 omnia
637 2355 824 2438 pollicentes
855 2355 957 2435 magis
986 2356 1090 2419 adhuc
1118 2357 1216 2437 prori-

229 2467 338 2522 tantur
408 2507 410 2512 ,

250 2771 332 2838 Cur.
354 2769 476 2838 VIII..
497 2771 559 2836 Pru
582 2764 754 2836 Mororum
798 2770 1002 2835 Carnutum
1024 2790 1065 2835 rr
1088 2773 1202 2838 Doxm
1226 2759 1229 2762 ⁴

271 2943 323 3006 ΑΒ
341 2944 505 3006 occidente
527 2939 708 3004 Moroniam
731 2939 869 3003 Felicem
891 2960 928 3003 ac
950 2940 1083 3004 Fatuam
1103 2943 1224 3006 claudit

233 3040 297 3119 Pla,
314 3042 403 3122 regio
417 3040 545 3121 quidem
559 3050 673 3119 suopte
687 3037 818 3118 ingenio
831 3038 909 3100 satis
924 3038 1012 3101 ferax
1030 3059 1067 3102 ac
1081 3040 1220 3122 elegans,
1235 3072 1267 3107 20

115 3161 118 3165 ·
231 3139 368 3202 maXIme
381 3149 488 3202 tamen
502 3137 652 3217 squalens
666 3135 789 3199 incuria
807 3135 1018 3200 dominorum.
1065 3136 1148 3206 Nam
1168 3140 1223 3201 ubi

231 3237 311 3300 duas
340 3237 373 3299 in
405 3245 514 3317 partes
548 3233 643 3296 tribui
676 3233 765 3310 solet,
798 3233 982 3297 Credulium
1015 3244 1046 3298 et
1076 3235 1222 3314 Doxiam,

231 3335 369 3417 priorem
395 3335 554 3414 longeque
579 3330 765 3411 ampliorem
786 3331 841 3412 qui
864 3332 972 3395 colunt
997 3332 1040 3395 ita
1064 3335 1121 3396 toti
1144 3336 1225 3398 ritus
1329 3376 1332 3381 ·

232 3433 387 3515 quosdam
409 3431 539 3514 putidos
562 3449 599 3492 ac
624 3429 775 3492 ridiculos
796 3431 930 3511 sapiunt,
954 3441 988 3494 ut
1009 3451 1139 3494 suorum
1160 3454 1224 3496 om·

232 3531 320 3594 nium
335 3551 443 3594 curam
458 3529 594 3593 abiicere
611 3526 681 3591 Deo
699 3527 830 3608 dIgnum
844 3549 926 3610 opus
941 3530 1130 3595 existiment
1236 3552 1266 3602 ²5

275 3628 379 3692 Nemo
400 3629 452 3692 hic
473 3627 622 3692 lacertam
641 3637 745 3690 terrae
764 3626 927 3707 possidet;
949 3647 1061 3691 omnes
1082 3629 1167 3692 enim
1188 3650 1224 3692 se
1322 3697 1326 3706 ,

233 3726 420 3792 Coenobitis
436 3726 643 3808 Morosophis
657 3725 877 3807 manciparunt
897 3745 1056 3808 agrosque
1073 3738 1224 3809 paternos

233 3825 298 3890 arIs
312 3824 454 3907 locisque
468 3827 614 3888 divorum
628 3835 864 3889 consecrarunt.
