3142 4575
237 606 309 651 cnr.
325 587 374 671 v1]
590 634 593 638 -
619 592 834 657 YVRONIA
1189 613 1230 675 35

278 744 357 805 ‘llla
378 744 529 808 Glacialis
552 746 661 809 Insula
682 748 882 811 nominatur:
912 770 975 830 quo
997 749 1150 826 Bacchus,
1167 749 1229 809 iam

236 838 395 918 imberbis,
420 854 453 904 ut
488 844 586 907 iratae
614 864 770 908 novercae
801 848 1007 926 supercilium
1043 848 1174 927 lugeret,
1212 867 1231 907 a

236 950 326 1021 patre
364 941 525 1021 relegatus
563 954 629 1019 est;
670 964 763 1023 quem
796 964 868 1005 cum
914 945 1117 1007 inhumanius
1153 955 1229 1007 trac·

237 1050 368 1117 tassent,
404 1042 594 1121 tandemque
624 1040 654 1103 vi
690 1052 721 1103 et
755 1043 851 1104 armis
884 1043 1068 1123 abegissent
1096 1044 1227 1119 incolae,
1304 1059 1307 1064 ’

237 1137 337 1200 iratus
365 1148 455 1218 pater
482 1150 598 1201 terram
623 1139 714 1201 iussit
742 1151 896 1220 perpetua
924 1141 996 1203 nive
1025 1162 1063 1203 ac
1090 1142 1230 1204 tenebris
1257 1155 1272 1202 5

238 1237 377 1317 operiri.'

281 1335 365 1397 ‘Sed
392 1336 477 1399 unde
501 1335 605 1397 sumus
631 1336 690 1411 ille,
719 1329 814 1416 quem
840 1356 859 1397 a
884 1337 1061 1417 longinquo
1085 1336 1231 1399 videmus

238 1456 256 1495 e
271 1434 387 1495 montis
402 1433 504 1494 nivosi
519 1434 682 1495 cacumine
698 1434 960 1514 erumpentem?'

281 1530 417 1607 ‘Mons'
450 1530 559 1611 inquit,
594 1529 709 1594 ‘Sacer
744 1532 899 1613 Dionysii,
937 1532 967 1594 in
1003 1532 1093 1594 cuius
1128 1533 1231 1614 igneis

237 1629 414 1691 visceribus
443 1628 565 1709 expiari
599 1630 703 1692 serunt
738 1630 864 1691 illorum
894 1631 1024 1706 animas,
1054 1631 1108 1711 qui
1136 1631 1229 1693 nimis
1247 1649 1276 1681 ¹0

238 1727 344 1789 sobrie
378 1736 655 1807 temperanterque
683 1727 829 1804 vixerint,
860 1738 913 1789 aut
941 1729 985 1789 illi
1014 1749 1126 1791 manus
1154 1729 1230 1789 olim

238 1824 395 1887 violentas
417 1824 588 1886 intulerint.
635 1824 698 1886 Hic
721 1825 841 1886 scilicet
862 1846 982 1905 poenas
996 1826 1073 1887 dant
1088 1826 1230 1887 infelices

240 1924 378 2001 umbrae,
401 1923 593 2003 assidueque
621 1922 809 1998 cruciantur,
834 1924 935 1986 donec
957 1924 1029 2003 quis
1057 1924 1227 1986 amicorum

239 2020 443 2099 superstitum
466 2020 628 2101 Capellam
649 2020 826 2082 Ardentem
840 2020 992 2095 inviserit,
1010 2030 1042 2082 et
1061 2020 1155 2100 ignea
1175 2021 1230 2081 illa

238 2138 320 2199 aqua
333 2118 365 2179 in
381 2119 535 2180 tumulum
551 2119 659 2195 effusa,
677 2138 788 2180 manes
802 2118 1002 2180 liberaverit.’
1245 2131 1274 2181 Ι5

279 2215 406 2278 Subrisi
428 2237 497 2298 ego,
522 2216 585 2277 iam
608 2216 684 2277 mihi
705 2216 794 2277 visus
818 2215 1024 2277 cantatissimi
1046 2215 1131 2277 illius
1155 2215 1230 2276 Pur-

238 2315 350 2394 gatorii
379 2315 535 2396 originem
563 2315 757 2394 explorasse,
783 2326 818 2377 ut
844 2314 962 2376 frustra
989 2314 1031 2376 sit
1056 2313 1152 2376 Odilo
1177 2313 1229 2374 ille

238 2413 347 2474 Abbas
368 2433 439 2474 cum
463 2411 632 2475 Monachis
654 2412 926 2489 Cluniacensibus,
952 2411 1006 2492 qui
1032 2412 1064 2472 in
1085 2413 1230 2474 Aetnaeo

160 2537 162 2542 ¹
241 2511 352 2573 Monte
374 2511 552 2574 istiusmodi
574 2511 750 2574 animarum
768 2511 977 2596 expiatorium
998 2509 1158 2573 sexcentis
1175 2512 1228 2572 ab·

240 2608 313 2670 hinc
328 2609 421 2671 annis
435 2610 611 2672 statuerint.
1243 2615 1276 2648 ²0

279 2707 469 2788 Appulimus
498 2709 626 2769 tandem
655 2709 830 2789 urbemque
855 2708 1034 2770 invenimus
1061 2705 1140 2769 satis
1165 2706 1230 2786 qui·

240 2805 312 2867 dem
334 2805 519 2886 elegantem,
537 2805 594 2866 sed
617 2805 739 2869 utribus
753 2806 902 2887 vasisque
923 2804 1075 2868 coriaceis
1089 2816 1229 2878 stratam,

239 2912 363 2965 tectam.
408 2902 477 2964 Nee
499 2903 636 2966 artifices
650 2903 733 2966 ullos
748 2904 799 2966 hic
813 2905 932 2966 vidisse
950 2902 1086 2977 memini,
1103 2912 1231 2980 praeter

240 3010 365 3063 sutores
390 3001 544 3077 utrarios3
574 3011 608 3062 ut
630 3001 692 3063 iam
712 3003 842 3064 tandem
864 3001 939 3082 quid
961 3000 1002 3062 de
1022 2999 1118 3060 coriis
1141 2999 1231 3060 Pam-

239 3098 427 3178 phagonicis
442 3097 532 3160 fieret
546 3099 625 3160 satis
639 3099 860 3162 intellexerim.
901 3097 1002 3160 Cuius
1016 3096 1062 3158 rei
1077 3095 1230 3158 rationem
1244 3125 1256 3156 2
1261 3124 1274 3172 5

240 3195 286 3256 sic
306 3195 406 3257 habe:
437 3195 566 3258 Incolae
587 3216 652 3257 non
674 3217 762 3258 mero
783 3207 922 3274 utuntur,
939 3205 974 3257 ut
995 3193 1145 3255 Yvrones
1162 3193 1229 3254 reli-

240 3292 303 3372 qui,
329 3294 386 3354 sed
414 3291 506 3372 aquis
534 3292 724 3372 quibusdam
749 3294 823 3355 vino
849 3291 1020 3354 fortissimo
1048 3290 1230 3367 commistis

240 3411 374 3471 quarum
410 3400 497 3452 tanta
527 3389 576 3452 vis
609 3400 657 3452 est
685 3401 718 3452 ut
746 3391 849 3471 fragili
880 3391 940 3450 hoc
968 3387 1049 3450 vitro
1077 3387 1232 3450 contineri

241 3498 414 3569 nequeant;
437 3499 631 3568 quapropter
645 3489 755 3551 thecas
769 3487 831 3550 sibi
845 3485 1026 3547 huiusmodi
1036 3495 1229 3565 comparant,

241 3587 348 3648 resina
361 3585 496 3666 piceque
511 3585 750 3649 firmatissimas.
1243 3610 1275 3660 30

282 3683 378 3760 Cives
399 3683 460 3744 rufi
481 3693 556 3744 sunt
576 3683 729 3765 plerique,
751 3684 839 3764 lippi,
861 3679 1013 3756 iracundi,
1036 3679 1143 3757 invidi,
1164 3701 1230 3742 sus·

241 3781 362 3862 piciosi,
392 3791 545 3844 tremente
581 3801 685 3858 manu,
715 3802 829 3862 gressu
857 3777 962 3852 dubio,
993 3789 1035 3856 et,
1064 3780 1149 3859 quod
1181 3799 1231 3840 me

242 3877 354 3942 terruit
376 3877 520 3953 maxime,
546 3898 650 3940 meras
674 3879 819 3941 llammas
843 3887 875 3939 et
900 3876 1011 3938 bibunt
1035 3887 1067 3939 et
1090 3876 1231 3956 spirant:

712 4004 766 4045 u2
