3142 4575
366 570 407 645 48
553 568 752 631 MUNDUS
781 568 937 630 ALTER
968 569 1026 630 ET
1058 569 1174 631 IDEM
1245 569 1321 653 [uo.
1339 588 1363 628 11

367 744 507 804 unquam
529 724 579 785 vel
598 725 684 787 visas
701 736 858 805 notasque
878 736 965 788 tanto
983 725 1111 787 silentio
1131 724 1359 805 praeterierim.

369 820 528 884 Plurimae
550 822 677 901 quidem
700 822 772 884 illae
793 833 876 898 sunt,
900 823 943 883 mi
964 824 1070 898 homo,
1092 823 1163 884 dico
1185 822 1279 896 serio,
1303 822 1362 884 sed

367 938 448 998 quae
460 918 636 999 Eugyniam
647 920 797 996 habitant,
810 931 933 1000 partem
947 921 1036 998 mihi,
1047 920 1159 998 fateor,
1171 941 1235 983 non
1250 920 1362 992 visam,

367 1016 424 1077 sed
449 1028 535 1079 certo
558 1038 684 1080 rumore
705 1018 873 1098 cognitam.
917 1018 1006 1094 Quin
1026 1030 1059 1081 et
1079 1019 1251 1099 praedictis
1271 1017 1361 1077 Vira-

337 1144 354 1192 ,5
367 1113 472 1193 giniae
492 1115 635 1194 partibus
655 1136 720 1177 non
738 1136 858 1196 paucae
878 1126 961 1191 sunt,
978 1118 1036 1178 sed
1054 1138 1134 1197 quae
1149 1116 1246 1179 vitam
1267 1125 1363 1194 agunt

367 1212 620 1273 anachoreticam
650 1225 681 1274 et
709 1213 916 1275 monasticam
945 1224 1040 1293 atque
1068 1225 1192 1276 montes
1221 1213 1363 1274 incolunt

367 1310 556 1389 praeruptos
592 1320 624 1371 et
663 1310 855 1373 inaccessos.
900 1310 975 1371 Huc
1007 1311 1134 1386 scilicet,
1166 1311 1212 1372 uti
1247 1311 1361 1385 serunt,

368 1403 572 1479 castissimae,
589 1404 758 1483 piissimae,
775 1404 1009 1483 pulcherrimae
1026 1404 1161 1467 feminae
1175 1405 1258 1466 ultro
1275 1424 1362 1466 sece-

368 1503 456 1565 dunt.

327 1626 357 1661 10
409 1599 564 1679 Quisquis
589 1600 767 1662 ascenderit
792 1621 828 1661 ac
850 1600 1025 1663 studiosius
1045 1599 1272 1680 quaeritaverit
1294 1620 1361 1661 non

369 1698 485 1777 poterit
499 1717 564 1758 non
579 1698 732 1777 plurimas
746 1698 841 1759 huius
856 1698 975 1760 farinae
990 1698 1139 1778 reperire.
1178 1698 1253 1778 Ipse
1268 1718 1362 1759 unam

368 1806 422 1857 aut
433 1795 563 1857 alteram
573 1796 708 1857 conveni
720 1817 728 1874 ;
744 1816 877 1875 quarum
887 1797 990 1858 adhuc
1001 1809 1033 1859 et
1047 1796 1188 1872 formam,
1203 1808 1235 1859 et
1245 1817 1362 1873 moreS,

367 1893 580 1973 virtutemque
601 1887 733 1972 stupeo:
755 1895 813 1955 sed
836 1895 921 1974 quod
943 1894 1172 1956 adolescentuli
1194 1905 1360 1966 nostrates

369 1990 396 2051 si
419 1990 472 2070 qui
495 1991 557 2051 huc
581 1991 660 2052 sorte
686 1991 936 2071 peregrinantur,
961 1992 1005 2053 ita
1027 2012 1154 2055 omnem
1180 1991 1362 2053 inveniendi

328 2088 511 2160 15laborem
540 2088 700 2168 refugiunt
722 2109 893 2169 curamque
918 2089 1070 2165 reiiciunt,
1097 2090 1169 2150 hinc
1193 2090 1285 2151 litut
1310 2091 1363 2151 bo·

369 2207 480 2249 narum
496 2172 682 2249 feminarum
697 2186 887 2268 paucitatem
902 2187 1058 2250 immerito
1073 2199 1250 2251 causentur.
