3142 4575
274 580 347 624 car.
362 559 412 643 v1]
651 560 888 624 CRAPULIA
1229 580 1266 642 13

275 720 413 800 ingluvie
427 739 537 798 parum
554 718 752 799 profecerint,
769 718 916 779 exsulant
932 718 1015 779 illico
1030 718 1061 779 in
1077 716 1266 778 Famelicam

269 818 428 894 insulam,
454 818 530 897 quin
562 828 593 879 et
625 818 686 879 huc
716 817 899 897 relegantur
924 816 1038 879 medici
1067 825 1098 878 et
1123 816 1267 895 quisquis

274 917 410 978 diaetam
425 915 570 995 cuiquam
587 914 838 994 praescripserit.

316 1015 471 1095 Quisquis
486 1006 636 1095 aegrotat,
653 1014 856 1095 quantumvis
873 1013 1053 1094 refragante
1066 1012 1265 1092 Asclepiade,

275 1114 449 1176 radiculam
472 1113 544 1189 edit,
570 1113 655 1193 quod
681 1113 766 1174 iubet
789 1112 913 1188 Celsus,
937 1122 969 1173 et
993 1111 1121 1192 paulum
1146 1112 1296 1189 calidae5

276 1212 403 1285 imbibit,
419 1210 558 1286 vomitat,
577 1221 608 1273 et
622 1222 775 1291 purgatur
790 1210 884 1273 illico.

318 1310 434 1371 Ferina
462 1329 535 1370 caro
564 1308 710 1371 maximis
743 1308 786 1370 ibi
815 1308 847 1369 in
876 1307 1007 1384 deliciis,
1039 1328 1133 1387 quarn
1162 1319 1267 1370 tamen

274 1408 443 1471 venatione
463 1417 588 1487 captare
608 1417 770 1487 nequeunt
781 1428 790 1484 ;
812 1406 933 1469 retibus
949 1416 1072 1468 tantum
1091 1427 1127 1469 ac
1146 1406 1268 1487 laqueis

275 1507 385 1568 damas
408 1506 447 1567 ad
471 1526 507 1567 se
529 1505 612 1567 ultro
633 1505 798 1568 venientes
819 1504 990 1584 implicant.
1032 1503 1099 1566 Sed
1122 1491 1158 1566 et
1177 1525 1267 1567 suem

275 1604 458 1667 animalium
473 1604 614 1665 omnium
629 1614 660 1665 et
675 1603 876 1665 utilissimum
892 1612 1038 1682 reputant
1057 1612 1089 1664 et
1104 1602 1264 1682 optimum,
1282 1633 1312 1668 10

275 1701 410 1764 fortasse
425 1703 466 1764 ob
480 1702 639 1782 quandam
655 1722 779 1763 morum
796 1700 1041 1776 similitudinem,
1054 1701 1139 1780 quod
1151 1713 1268 1765 norunt

276 1820 404 1863 mensae
419 1800 480 1862 soli
495 1822 514 1862 a
527 1811 641 1862 natura
655 1810 880 1880 comparatum.

316 1898 353 1961 Si
373 1898 443 1979 quis
464 1899 502 1960 ad
522 1898 722 1977 putredinem
741 1919 843 1977 usque
857 1897 909 1959 vel
926 1897 1083 1959 tantillum
1102 1897 1163 1959 cibi
1182 1900 1266 1979 apud

275 2017 310 2059 se
338 1995 481 2071 servarit,
508 1996 613 2057 statim
639 1995 794 2074 religatur
818 1996 857 2056 ad
880 1996 999 2074 palum,
1023 2006 1157 2075 excepto
1181 1998 1266 2076 quod

265 2094 408 2157 ¹ferinam
430 2094 502 2156 licet
528 2115 691 2174 reponere,
716 2095 819 2155 donec
840 2094 990 2173 lanugine
1012 2095 1148 2173 quadam
1170 2096 1311 2175 obdu-15

275 2203 382 2270 catur;
415 2202 455 2268 et,
483 2193 568 2272 quod
593 2193 647 2253 vix
675 2212 751 2271 prae
781 2203 897 2254 nautea
924 2212 1100 2255 memorare
1124 2214 1265 2272 possum,

274 2311 402 2354 caseum
416 2291 514 2372 vulgo
529 2303 593 2353 tam
608 2292 662 2352 diu
681 2301 820 2368 servant,
836 2291 911 2351 dum
926 2301 1011 2354 totus
1031 2291 1063 2352 in
1078 2292 1267 2355 vermiculos

276 2389 458 2466 resolvatur,
470 2400 503 2451 et
513 2399 579 2451 tum
590 2390 726 2466 demum,
738 2389 809 2450 viva
820 2389 1008 2451 animalcula
1018 2390 1113 2470 paulo
1125 2391 1266 2452 sacchari

275 2488 436 2568 adspersa,
463 2488 558 2549 nimis
586 2488 678 2550 avide
707 2498 820 2549 vorant
849 2487 1064 2549 delicatissimi
1093 2490 1264 2568 epulones;

274 2605 368 2665 quem
393 2605 471 2647 sane
498 2585 671 2667 pessimum
701 2605 824 2648 morem
848 2586 987 2648 demiror
1010 2585 1192 2650 Germanos
1219 2589 1264 2649 in·
1279 2619 1311 2653 ιο

275 2682 405 2746 seriores
420 2683 512 2747 istinc
527 2694 694 2747 mutuatos.

457 2931 538 2995 Cur.
555 2932 635 2996 Vll.
679 2931 793 2995 Brun
817 2932 1081 2999 Pauruaconun

315 3079 393 3142 Cum
427 3081 554 3161 duplice
586 3081 714 3162 quidem
746 3082 840 3144 hoste
874 3082 1116 3166 Pamphagones
1148 3087 1266 3150 bellurn
1338 3076 1340 3078 ⁵

274 3198 400 3258 semper
428 3191 551 3258 gerunt,
579 3174 777 3242 Insularibus
805 3179 972 3247 Famelicis
1000 3185 1068 3248 sive
1091 3185 1265 3264 Hambriis,

274 3287 304 3336 et
320 3275 513 3356 Frugioniis.

316 3372 455 3436 Narrant
492 3374 642 3438 historiae
676 3375 859 3452 Hambrios,
894 3378 972 3442 inito
1006 3402 1077 3444 cum
1109 3382 1265 3445 Larciniis
1279 3410 1310 3461 ²5

275 3469 411 3548 loedere,
442 3483 559 3535 terram
589 3474 672 3536 hanc
705 3473 861 3536 invasisse
892 3479 1032 3559 saepius,
1061 3481 1160 3544 semel
1188 3502 1265 3544 vero

273 3569 396 3647 vicisse,
414 3591 477 3652 quo
491 3581 633 3652 tempore
649 3573 772 3635 incolae
793 3572 832 3634 sil
854 3573 882 3635 is
901 3586 933 3638 et
951 3579 1057 3640 caveis
1076 3580 1265 3659 quibusdam

274 3668 487 3731 subterraneis
503 3671 618 3734 misere
633 3691 706 3734 sese
721 3672 920 3750 abdiderunt,
934 3675 1036 3738 donec
1050 3677 1111 3738 loci
1126 3678 1265 3754 numina,

273 3765 420 3844 precibus
454 3768 581 3831 illorum
610 3769 757 3850 votisque
792 3773 921 3833 tandem
953 3785 1120 3853 commota,
1150 3796 1266 3837 novam

250 3874 399 3942 ,gentem
425 3866 492 3928 suis
520 3857 662 3948 ipsorum
688 3867 831 3933 saucibus
860 3870 1114 3949 interemissent;
1143 3883 1265 3936 tantum
1280 3895 1311 3946 30
