3142 4575
340 558 378 617 74
523 538 722 600 MUNDUS
752 538 907 599 ALTER
937 538 995 600 ET
1026 538 1141 599 IDEM
1202 536 1278 635 [pro.
1296 558 1332 597 111

338 698 411 758 dam
437 696 649 777 virgunculae,
678 696 798 757 formae
822 694 955 775 gratiam
968 715 977 770 3
1009 694 1072 755 illic
1095 715 1176 757 anus
1198 714 1333 775 rugosae

339 794 512 857 redivivam
527 795 698 875 sperabant
720 792 968 855 adolescentiam
980 812 989 869 ;
1012 790 1074 853 illic
1096 812 1190 854 serva
1211 792 1334 854 liberta·

338 903 420 955 tern:
442 912 554 955 omnes
568 892 695 973 aliquid,
713 890 830 972 singuli
844 890 929 953 aliud
945 890 1186 953 meditabantur.

381 991 483 1071 Signo
501 991 561 1053 iam
585 992 658 1053 dato
678 990 732 1071 qui
754 1000 888 1070 possunt
906 990 984 1051 dant
1003 1009 1076 1051 sese
1095 989 1127 1051 in
1141 989 1233 1066 viam,
1249 1009 1333 1052 mon·

311 1098 403 1161 5tem
423 1109 487 1150 non
507 1088 642 1168 pedibus
659 1088 790 1165 (scilicet
809 1088 870 1148 hoc
888 1087 1013 1168 piaculo
1033 1090 1093 1165 est)
1110 1088 1168 1150 sed
1189 1087 1335 1149 manibus

339 1188 547 1267 genubusque
562 1186 776 1248 conscensuri.

383 1284 524 1347 Medium
547 1284 609 1346 iam
632 1294 772 1345 montem
795 1304 912 1362 magno
935 1305 1006 1346 cum
1035 1285 1145 1346 labore
1172 1295 1335 1347 assecutos

339 1382 488 1445 blandius
503 1382 619 1461 excipit
638 1401 722 1443 unus
741 1402 759 1443 e
778 1382 1006 1456 sacerdotibus,
1023 1402 1140 1445 nomen
1159 1382 1336 1445 sciscitatus

341 1491 372 1543 et
386 1480 538 1561 patriam;
554 1480 639 1560 quod
654 1480 754 1541 semel
768 1490 940 1559 acceptum,
953 1490 985 1543 te
996 1480 1122 1541 interim
1133 1480 1334 1556 consistente,

299 1597 330 1633 10
341 1600 420 1641 voce
458 1590 619 1641 stentorea
653 1578 858 1658 pronuntiat:
897 1578 1011 1659 partim
1048 1589 1082 1639 ut
1117 1578 1222 1639 socios
1259 1598 1337 1640 suos

342 1676 508 1757 ipsumque
526 1676 607 1738 adeo
622 1697 738 1737 numen
763 1686 970 1755 praemoneat
984 1696 1066 1755 quos
1084 1676 1258 1755 qualesque
1272 1673 1337 1735 sint

341 1776 484 1855 hospites
507 1773 662 1850 habituri;
688 1774 802 1853 partim
826 1785 859 1834 ut
881 1774 1036 1853 intelligat
1060 1774 1247 1854 priusquam
1267 1792 1337 1852 pro·

341 1874 413 1953 pius
435 1872 617 1947 accesseris,
635 1874 781 1934 consulto
804 1872 893 1951 prius
916 1871 1057 1948 numine,
1072 1892 1148 1933 num
1169 1882 1218 1934 sat
1233 1882 1336 1933 tecum

342 1966 484 2029 attuleris
499 1966 573 2029 fidei
588 1976 619 2028 et
633 1966 789 2046 puritatis.

299 2088 327 2139 15
385 2063 467 2127 Nam
485 2064 512 2126 si
534 2065 628 2145 paulo
649 2064 803 2145 impurior
824 2085 860 2125 ac
882 2065 1065 2144 depressior
1091 2064 1238 2145 graviore
1263 2063 1337 2125 mali

341 2163 465 2226 sarcina
489 2163 570 2225 istuc
593 2163 800 2239 concesseris,
825 2164 953 2225 conscia
977 2163 1054 2225 satis
1080 2162 1162 2225 Diva
1187 2163 1283 2223 rubro
1306 2171 1338 2223 te

341 2261 459 2324 vexillo
484 2272 592 2324 monet
614 2261 646 2323 in
665 2261 886 2324 coenobiolum
905 2261 1029 2339 (loculis
1050 2259 1226 2342 purgandis
1250 2259 1339 2322 iuxta

343 2360 492 2438 positum)
513 2361 667 2440 relegari:
696 2361 745 2422 hic
772 2361 978 2423 asservabere
1000 2361 1103 2422 donec
1130 2359 1248 2420 leviore
1271 2379 1337 2420 cru·

343 2479 445 2534 mena,
462 2458 629 2520 mundiore
651 2459 765 2534 anima,
783 2458 882 2521 fueris
903 2460 944 2520 ad
959 2457 1115 2537 reliquum
1130 2456 1252 2518 itineris
1266 2476 1338 2517 con·

300 2583 331 2617 20
344 2557 513 2619 ficiendum
531 2559 749 2637 comparatior.

386 2657 482 2732 Quod
496 2655 523 2716 si
539 2676 654 2718 nomen
670 2655 751 2718 sorte
766 2656 926 2736 placuerit,
944 2657 1092 2736 plumbeo
1107 2666 1138 2716 te
1153 2654 1245 2736 signo
1260 2653 1338 2716 satis

345 2754 530 2816 instructum
556 2753 649 2816 mittit
673 2753 844 2834 auspicato,
867 2753 968 2815 tribus
993 2765 1098 2816 tamen
1123 2753 1212 2816 hisce
1232 2753 1338 2814 verbis

344 2851 400 2915 tibi
415 2852 447 2914 in
462 2873 571 2914 aurem
586 2853 712 2914 solenni
727 2873 815 2914 more
829 2852 918 2932 prius
932 2851 1188 2929 obmurmuratis,
1203 2849 1337 2932 ‘Spera,

346 2951 460 3028 Crede,
479 2949 660 3030 Exspecta?
1361 2941 1368 2958 “

301 3075 331 3124 ²5
389 3049 500 3130 Pergis
528 3050 611 3112 laeto
642 3049 802 3130 alacrique
830 3049 936 3112 animo
948 3071 957 3127 ;
993 3069 1127 3129 cumque
1155 3047 1244 3129 ipsos
1271 3046 1338 3110 fere

345 3147 452 3228 palatii
480 3149 599 3227 gradus
628 3147 770 3227 attigeris
798 3148 895 3209 limen
923 3146 1062 3209 ferreum
1089 3166 1126 3208 se
1153 3144 1258 3223 offert,
1287 3143 1338 3206 cui
1421 3171 1424 3179 ·

345 3245 531 3326 inscriptum
544 3269 593 3308 :-
1192 3232 1193 3235 ¹

521 3409 681 3466 Fortunam
700 3411 725 3467 si
744 3411 831 3467 avide
848 3428 953 3467 vorare
970 3427 1087 3483 pergas

521 3497 605 3554 lllam
623 3506 655 3552 ut
673 3499 749 3554 male
767 3516 935 3570 concoquas
953 3515 1077 3554 necesse
1096 3504 1150 3552 est.

301 3639 353 3717 30*
391 3635 497 3700 Huius
522 3637 765 3718 angustissimos
791 3638 895 3700 aditus
917 3648 1027 3700 torvus
1051 3635 1167 3698 ianitor
1191 3635 1339 3716 aliquam·

347 3731 403 3834 diu
414 3735 607 3813 praecludit;
630 3735 684 3816 qui
699 3747 804 3797 tamen
820 3737 968 3799 mercede
979 3734 1069 3798 facile
1080 3733 1216 3796 mitescit
1227 3732 1340 3812 aperit·

348 3832 489 3936 queqtibi
512 3853 575 3894 non
603 3844 666 3896 tam
687 3844 811 3914 portam
837 3854 930 3914 quam
957 3833 1100 3894 foramen
1112 3855 1122 3906 ;
1154 3830 1204 3892 cui
1230 3829 1283 3891 ubi
1307 3840 1339 3893 tu

434 3960 452 4029 l
