3142 4575
229 558 301 602 car.
318 540 367 623 lv]
612 538 828 600 YVRONIA
1178 557 1219 617 31

231 696 325 759 fiees:
339 697 393 758 illa
408 696 484 758 mihi
496 716 571 757 cura
586 694 739 757 incumbit
753 694 884 771 scilicet,
899 693 931 755 ni
942 694 975 756 in
990 704 1077 756 tuam
1091 694 1225 775 gratiam

230 795 374 875 peierare
388 794 516 856 malim!

271 893 333 956 Cui
359 913 427 972 ego,
464 892 522 953 ‘Et
550 892 621 973 quis
655 892 708 953 ille
744 911 814 953 mos
842 902 899 968 est,
926 912 1054 971 quaese,
1085 892 1135 953 eui
1163 902 1226 955 tam

231 991 415 1055 necessario
434 992 609 1071 parendum
628 991 702 1053 est?
746 989 794 1067 Id,
810 989 838 1052 si
853 990 951 1051 semel
966 1011 1155 1071 cognovero,
1173 1001 1226 1052 aut

232 1091 351 1153 diutius
369 1110 598 1171 permansurus
619 1088 730 1151 faciam
752 1100 807 1150 aut
828 1088 985 1152 hodierno
999 1089 1143 1151 discessu
1166 1091 1254 1157 hocs

233 1199 263 1251 te
278 1199 363 1251 metu
378 1209 415 1250 ac
428 1188 570 1269 periculo
586 1186 753 1250 liberabo?

276 1286 430 1365 ‘Vidisti,’
456 1286 557 1367 inquit
583 1286 642 1363 ille,
670 1286 755 1347 ‘heri
783 1285 900 1348 Bacchi
923 1296 1059 1349 statuam
1083 1287 1115 1347 in
1140 1286 1227 1348 foro:

234 1386 308 1449 inde
337 1396 461 1466 oportet
486 1385 614 1447 haurias
644 1384 716 1465 plns
741 1404 836 1463 quam
860 1395 910 1446 sat
934 1395 992 1463 est,
1017 1386 1119 1447 donec
1140 1384 1228 1445 humi

233 1484 459 1566 procubueris;
486 1494 552 1545 tum
568 1483 707 1564 denique
727 1482 782 1544 illo
803 1482 872 1562 ipso
893 1482 925 1542 in
944 1484 1014 1545 loco
1031 1484 1227 1564 provolutus,

233 1582 424 1645 destillantis
445 1582 548 1644 adhuc
570 1581 636 1643 vini
658 1581 770 1658 imbre,
784 1600 886 1660 usque
907 1581 984 1643 dum
999 1581 1138 1656 desierit,
1155 1601 1226 1660 pro·
1243 1606 1274 1642 10

233 1679 353 1743 luaris’

276 1779 370 1856 ‘Sea
387 1780 508 1857 amabo,
529 1778 578 1840 dic
600 1778 677 1839 mihi
699 1777 805 1853 serio,’
821 1777 958 1857 inquam,
984 1781 1077 1840 ‘num
1099 1778 1153 1859 qui
1175 1799 1228 1839 un·

233 1898 328 1960 quam
343 1878 504 1959 peregrini
519 1879 579 1938 hoc
595 1877 779 1939 fecerunt?’

277 1972 345 2033 ‘Ad
374 1992 471 2034 unum
500 1970 632 2047 omnes,'
663 1970 763 2051 inquit
792 1970 865 2047 ilie;
903 1970 1049 2050 ‘quidam
1076 1991 1229 2051 perquam

233 2071 391 2147 lubentes,
408 2070 461 2133 alii
477 2070 571 2131 etiam
587 2067 787 2130 invitissimi.’
1245 2092 1273 2143 15

277 2168 366 2249 ‘Ego
388 2188 465 2230 vero
494 2166 594 2243 abe0,’
624 2166 782 2246 inquam,
805 2169 854 2227 ‘tu
883 2168 979 2228 modo
1001 2167 1117 2247 expedi
1143 2166 1228 2242 mihi,

233 2268 341 2345 sodeS,
377 2287 462 2348 quae
497 2266 656 2328 secundas
695 2274 801 2328 teneat
842 2284 860 2327 e
900 2263 1032 2346 reliquis
1067 2264 1231 2329 Yvroniae

234 2365 402 2447 partibus!

277 2463 486 2545 Zythaeniam
509 2463 562 2525 ille
584 2463 661 2524 mihi
684 2461 832 2538 laudavit,
849 2482 944 2542 quam
965 2463 1018 2524 alii
1043 2463 1231 2544 Pyraeniam

234 2573 358 2638 vocant,
389 2564 448 2624 sub
483 2563 603 2624 ditione
633 2560 807 2641 Tricongii,
834 2581 852 2622 e
883 2560 1080 2622 nobilissima
1115 2561 1231 2624 familia
1245 2587 1276 2620 ιο

235 2660 364 2724 oriundi
374 2680 383 2737 ;
405 2660 564 2740 simulque
586 2669 741 2723 monstrat
756 2659 848 2736 viam,
865 2658 944 2721 satis
965 2678 1023 2739 per
1043 2681 1079 2722 se
1098 2659 1231 2736 facilem,

235 2761 386 2839 iubetque
401 2759 516 2821 valere.

290 2930 371 2994 Car.
393 2930 454 2993 VI.
499 2930 676 2992 Prnamtra
698 2951 762 2992 vat
784 2931 999 3009 ernnrrtm,
1023 2951 1062 2992 rr
1080 2931 1182 2994 Pana·

458 3048 616 3090 onmarro
639 3049 684 3089 ao
707 3029 852 3091 Sncnun
877 3031 999 3091 Urnrn

282 3161 396 3224 Peneo
423 3181 483 3241 ego
511 3161 569 3222 iam
597 3161 686 3221 solus
712 3161 931 3240 aquilonarem
956 3162 1082 3240 plagam
1109 3183 1230 3239 versus

238 3272 279 3340 et,
295 3283 314 3324 a
328 3272 418 3341 tergo
434 3260 511 3320 mihi
526 3259 636 3321 relicto
652 3258 794 3321 Schaum
814 3260 922 3321 albido
944 3260 1083 3336 ssumine,
1101 3263 1230 3340 perveni

238 3361 279 3422 ad
304 3359 514 3438 Kotzungam,
538 3357 644 3420 villam
670 3357 813 3420 omnium
834 3377 915 3438 quas
936 3358 1001 3419 vidi
1026 3360 1227 3437 teterrimam,
1245 3392 1275 3442 ²5

238 3457 454 3520 olidissimam.

281 3555 413 3636 lamque
434 3555 466 3616 in
489 3554 568 3634 ipsis
589 3553 751 3616 Ponfiniae
772 3553 916 3617 terminis
931 3554 1125 3619 Validolium
1147 3559 1229 3620 salu-

239 3653 310 3729 tavi,
323 3653 401 3715 satis
416 3654 614 3715 commodam
628 3652 842 3733 nitidamque;
864 3653 897 3714 in
909 3674 972 3734 qua
987 3664 1093 3717 tamen
1110 3657 1229 3720 sontem

238 3763 291 3814 aut
316 3751 447 3813 fluvium
473 3751 595 3813 nullum
622 3750 837 3827 animadverti,
862 3761 896 3813 ut
925 3752 1029 3828 audio,
1056 3774 1097 3815 ne
1122 3755 1229 3816 vinum

240 3849 388 3930 nymphis
402 3849 574 3913 adulterari
590 3848 699 3930 possit.
761 3894 763 3898 -
1116 3896 1120 3900 -
1243 3877 1275 3924 30
