<?xml version="1.0" encoding="UTF-8"?>
<!DOCTYPE html PUBLIC "-//W3C//DTD XHTML 1.0 Transitional//EN"
    "http://www.w3.org/TR/xhtml1/DTD/xhtml1-transitional.dtd">
<html xmlns="http://www.w3.org/1999/xhtml" xml:lang="en" lang="en">
 <head>
  <title>
</title>
<meta http-equiv="Content-Type" content="text/html;charset=utf-8" />
  <meta name='ocr-system' content='tesseract 3.04.00' />
  <meta name='ocr-capabilities' content='ocr_page ocr_carea ocr_par ocr_line ocrx_word'/>
</head>
<body>
  <div class='ocr_page' id='page_1' title='image "./mundusalteretid00andegoog_0076.png"; bbox 0 0 3142 4575; ppageno 0'>
   <div class='ocr_carea' id='block_1_1' title="bbox 250 490 1242 611">
    <p class='ocr_par' dir='ltr' id='par_1_1' title="bbox 250 490 1242 611">
     <span class='ocr_line' id='line_1_1' title="bbox 250 490 1242 611; baseline -0.002 -18"><span class='ocrx_word' id='word_1_1' title='bbox 250 551 324 594; x_wconf 74' lang='lat' dir='ltr'>car.</span> <span class='ocrx_word' id='word_1_2' title='bbox 340 530 391 611; x_wconf 84' lang='lat'>111]</span> <span class='ocrx_word' id='word_1_3' title='bbox 637 526 856 591; x_wconf 88' lang='lat' dir='ltr'><strong>MORONIA</strong></span> <span class='ocrx_word' id='word_1_4' title='bbox 1100 490 1104 497; x_wconf 27' lang='grc' dir='ltr'>Ι</span> <span class='ocrx_word' id='word_1_5' title='bbox 1203 543 1242 603; x_wconf 88' lang='lat'>57</span> 
     </span>
    </p>
   </div>
   <div class='ocr_carea' id='block_1_2' title="bbox 176 682 1321 3903">
    <p class='ocr_par' dir='ltr' id='par_1_2' title="bbox 249 682 1243 865">
     <span class='ocr_line' id='line_1_2' title="bbox 249 682 1243 779; baseline -0.008 -30"><span class='ocrx_word' id='word_1_6' title='bbox 249 687 391 779; x_wconf 79' lang='lat' dir='ltr'>cqmperi</span> <span class='ocrx_word' id='word_1_7' title='bbox 406 688 533 767; x_wconf 91' lang='lat' dir='ltr'>quidem</span> <span class='ocrx_word' id='word_1_8' title='bbox 548 684 716 766; x_wconf 84' lang='lat' dir='ltr'>imaginem</span> <span class='ocrx_word' id='word_1_9' title='bbox 731 683 922 745; x_wconf 84' lang='lat' dir='ltr'>Academiae</span> <span class='ocrx_word' id='word_1_10' title='bbox 936 682 1115 759; x_wconf 85' lang='lat' dir='ltr'>(Dudosam</span> <span class='ocrx_word' id='word_1_11' title='bbox 1130 691 1243 743; x_wconf 89' lang='lat' dir='ltr'>vocant</span> 
     </span>
     <span class='ocr_line' id='line_1_3' title="bbox 250 781 1181 865; baseline -0.009 -16"><span class='ocrx_word' id='word_1_12' title='bbox 250 788 312 865; x_wconf 86' lang='lat' dir='ltr'>sui)</span> <span class='ocrx_word' id='word_1_13' title='bbox 326 788 358 848; x_wconf 94' lang='lat' dir='ltr'>in</span> <span class='ocrx_word' id='word_1_14' title='bbox 374 806 437 865; x_wconf 91' lang='lat' dir='ltr'>qua</span> <span class='ocrx_word' id='word_1_15' title='bbox 450 785 659 847; x_wconf 89' lang='lat' dir='ltr'>occurrebant</span> <span class='ocrx_word' id='word_1_16' title='bbox 673 782 750 843; x_wconf 92' lang='lat' dir='ltr'>mihi</span> <span class='ocrx_word' id='word_1_17' title='bbox 765 784 894 843; x_wconf 87' lang='lat' dir='ltr'>umbrae</span> <span class='ocrx_word' id='word_1_18' title='bbox 909 781 1181 861; x_wconf 91' lang='lat' dir='ltr'>philosophorum.</span> 
     </span>
    </p>

    <p class='ocr_par' dir='ltr' id='par_1_3' title="bbox 249 878 1268 1241">
     <span class='ocr_line' id='line_1_4' title="bbox 294 878 1242 963; baseline -0.009 -16"><span class='ocrx_word' id='word_1_19' title='bbox 294 882 428 947; x_wconf 87' lang='lat' dir='ltr'>Falleris</span> <span class='ocrx_word' id='word_1_20' title='bbox 445 881 590 963; x_wconf 90' lang='lat' dir='ltr'>quisquis</span> <span class='ocrx_word' id='word_1_21' title='bbox 605 881 674 943; x_wconf 87' lang='lat' dir='ltr'>istic</span> <span class='ocrx_word' id='word_1_22' title='bbox 694 881 848 942; x_wconf 91' lang='lat' dir='ltr'>lectorum</span> <span class='ocrx_word' id='word_1_23' title='bbox 870 880 1046 955; x_wconf 72' lang='lat' dir='ltr'>cathedras</span> <span class='ocrx_word' id='word_1_24' title='bbox 1064 878 1242 940; x_wconf 88' lang='lat' dir='ltr'>auditorum</span> 
     </span>
     <span class='ocr_line' id='line_1_5' title="bbox 250 978 1240 1060; baseline -0.009 -14"><span class='ocrx_word' id='word_1_25' title='bbox 250 985 381 1060; x_wconf 88' lang='lat' dir='ltr'>classes,</span> <span class='ocrx_word' id='word_1_26' title='bbox 411 980 538 1042; x_wconf 90' lang='lat' dir='ltr'>scholas</span> <span class='ocrx_word' id='word_1_27' title='bbox 565 980 687 1054; x_wconf 91' lang='lat' dir='ltr'>artium,</span> <span class='ocrx_word' id='word_1_28' title='bbox 718 988 866 1052; x_wconf 90' lang='lat' dir='ltr'>rectores,</span> <span class='ocrx_word' id='word_1_29' title='bbox 900 978 1109 1058; x_wconf 88' lang='lat' dir='ltr'>paedagogos,</span> <span class='ocrx_word' id='word_1_30' title='bbox 1141 978 1240 1057; x_wconf 80' lang='lat' dir='ltr'>legeS,</span> 
     </span>
     <span class='ocr_line' id='line_1_6' title="bbox 250 1074 1268 1159; baseline -0.007 -17"><span class='ocrx_word' id='word_1_31' title='bbox 250 1082 350 1143; x_wconf 91' lang='lat' dir='ltr'>libros</span> <span class='ocrx_word' id='word_1_32' title='bbox 365 1077 500 1159; x_wconf 88' lang='lat' dir='ltr'>quaeris.</span> <span class='ocrx_word' id='word_1_33' title='bbox 545 1075 690 1157; x_wconf 85' lang='lat' dir='ltr'>Quisque</span> <span class='ocrx_word' id='word_1_34' title='bbox 710 1076 771 1137; x_wconf 91' lang='lat' dir='ltr'>sibi</span> <span class='ocrx_word' id='word_1_35' title='bbox 788 1076 931 1155; x_wconf 87' lang='lat' dir='ltr'>magistri</span> <span class='ocrx_word' id='word_1_36' title='bbox 945 1074 1045 1137; x_wconf 91' lang='lat' dir='ltr'>vicem</span> <span class='ocrx_word' id='word_1_37' title='bbox 1064 1074 1191 1154; x_wconf 89' lang='lat' dir='ltr'>supplet</span> <span class='ocrx_word' id='word_1_38' title='bbox 1208 1083 1268 1144; x_wconf 71' lang='lat' dir='ltr'>ets</span> 
     </span>
     <span class='ocr_line' id='line_1_7' title="bbox 249 1177 413 1241; baseline -0.012 0"><span class='ocrx_word' id='word_1_39' title='bbox 249 1177 413 1241; x_wconf 78' lang='lat' dir='ltr'>auditoris·</span> 
     </span>
    </p>

    <p class='ocr_par' dir='ltr' id='par_1_4' title="bbox 250 1270 1289 2135">
     <span class='ocr_line' id='line_1_8' title="bbox 292 1270 1243 1356; baseline -0.008 -17"><span class='ocrx_word' id='word_1_40' title='bbox 292 1274 438 1356; x_wconf 91' lang='lat' dir='ltr'>Collegia</span> <span class='ocrx_word' id='word_1_41' title='bbox 459 1286 564 1337; x_wconf 87' lang='lat' dir='ltr'>tamen</span> <span class='ocrx_word' id='word_1_42' title='bbox 593 1273 643 1335; x_wconf 92' lang='lat' dir='ltr'>hic</span> <span class='ocrx_word' id='word_1_43' title='bbox 671 1274 743 1336; x_wconf 89' lang='lat' dir='ltr'>duo.</span> <span class='ocrx_word' id='word_1_44' title='bbox 787 1272 1006 1354; x_wconf 86' lang='lat' dir='ltr'>Scepticorum</span> <span class='ocrx_word' id='word_1_45' title='bbox 1035 1292 1133 1333; x_wconf 93' lang='lat' dir='ltr'>unum</span> <span class='ocrx_word' id='word_1_46' title='bbox 1145 1290 1155 1349; x_wconf 87' lang='lat'>;</span> <span class='ocrx_word' id='word_1_47' title='bbox 1187 1270 1243 1351; x_wconf 92' lang='lat' dir='ltr'>qui</span> 
     </span>
     <span class='ocr_line' id='line_1_9' title="bbox 250 1369 1243 1446; baseline -0.007 -8"><span class='ocrx_word' id='word_1_48' title='bbox 250 1394 310 1438; x_wconf 88' lang='lat' dir='ltr'>nec</span> <span class='ocrx_word' id='word_1_49' title='bbox 331 1373 433 1436; x_wconf 91' lang='lat' dir='ltr'>oculis</span> <span class='ocrx_word' id='word_1_50' title='bbox 454 1392 513 1434; x_wconf 92' lang='lat' dir='ltr'>nec</span> <span class='ocrx_word' id='word_1_51' title='bbox 534 1372 665 1433; x_wconf 91' lang='lat' dir='ltr'>auribus</span> <span class='ocrx_word' id='word_1_52' title='bbox 690 1371 757 1434; x_wconf 91' lang='lat' dir='ltr'>suis</span> <span class='ocrx_word' id='word_1_53' title='bbox 779 1371 942 1434; x_wconf 86' lang='lat' dir='ltr'>fidendum</span> <span class='ocrx_word' id='word_1_54' title='bbox 963 1381 1104 1446; x_wconf 88' lang='lat' dir='ltr'>censent,</span> <span class='ocrx_word' id='word_1_55' title='bbox 1127 1389 1186 1431; x_wconf 91' lang='lat' dir='ltr'>nec</span> <span class='ocrx_word' id='word_1_56' title='bbox 1210 1369 1243 1431; x_wconf 93' lang='lat' dir='ltr'>id</span> 
     </span>
     <span class='ocr_line' id='line_1_10' title="bbox 251 1467 1243 1547; baseline -0.003 -15"><span class='ocrx_word' id='word_1_57' title='bbox 251 1491 349 1533; x_wconf 92' lang='lat' dir='ltr'>unum</span> <span class='ocrx_word' id='word_1_58' title='bbox 361 1481 502 1533; x_wconf 88' lang='lat' dir='ltr'>statuere</span> <span class='ocrx_word' id='word_1_59' title='bbox 516 1470 635 1531; x_wconf 88' lang='lat' dir='ltr'>audent</span> <span class='ocrx_word' id='word_1_60' title='bbox 649 1488 685 1530; x_wconf 91' lang='lat' dir='ltr'>se</span> <span class='ocrx_word' id='word_1_61' title='bbox 698 1468 776 1530; x_wconf 93' lang='lat' dir='ltr'>nih-il</span> <span class='ocrx_word' id='word_1_62' title='bbox 788 1478 926 1532; x_wconf 87' lang='lat' dir='ltr'>statuere</span> <span class='ocrx_word' id='word_1_63' title='bbox 937 1469 1064 1532; x_wconf 88' lang='lat' dir='ltr'>audere.</span> <span class='ocrx_word' id='word_1_64' title='bbox 1109 1467 1243 1547; x_wconf 91' lang='lat' dir='ltr'>Surripe</span> 
     </span>
     <span class='ocr_line' id='line_1_11' title="bbox 250 1568 1289 1650; baseline -0.006 -19"><span class='ocrx_word' id='word_1_65' title='bbox 250 1570 397 1650; x_wconf 91' lang='lat' dir='ltr'>cuiquam</span> <span class='ocrx_word' id='word_1_66' title='bbox 433 1568 565 1630; x_wconf 89' lang='lat' dir='ltr'>istorum</span> <span class='ocrx_word' id='word_1_67' title='bbox 599 1587 760 1629; x_wconf 90' lang='lat' dir='ltr'>nummum</span> <span class='ocrx_word' id='word_1_68' title='bbox 782 1574 843 1629; x_wconf 80' lang='lat' dir='ltr'>&#39;aut</span> <span class='ocrx_word' id='word_1_69' title='bbox 868 1588 982 1649; x_wconf 91' lang='lat' dir='ltr'>panem</span> <span class='ocrx_word' id='word_1_70' title='bbox 1013 1578 1067 1630; x_wconf 90' lang='lat' dir='ltr'>aut</span> <span class='ocrx_word' id='word_1_71' title='bbox 1092 1585 1241 1647; x_wconf 91' lang='lat' dir='ltr'>pannum,</span> <span class='ocrx_word' id='word_1_72' title='bbox 1259 1582 1289 1617; x_wconf 88' lang='lat'>10</span> 
     </span>
     <span class='ocr_line' id='line_1_12' title="bbox 250 1663 1242 1746; baseline -0.004 -17"><span class='ocrx_word' id='word_1_73' title='bbox 250 1666 356 1729; x_wconf 90' lang='lat' dir='ltr'>statim</span> <span class='ocrx_word' id='word_1_74' title='bbox 379 1666 510 1746; x_wconf 87' lang='lat' dir='ltr'>ambigit</span> <span class='ocrx_word' id='word_1_75' title='bbox 535 1678 615 1727; x_wconf 85' lang='lat' dir='ltr'>num¹</span> <span class='ocrx_word' id='word_1_76' title='bbox 632 1665 694 1727; x_wconf 90' lang='lat' dir='ltr'>tale</span> <span class='ocrx_word' id='word_1_77' title='bbox 716 1666 792 1746; x_wconf 93' lang='lat' dir='ltr'>quid</span> <span class='ocrx_word' id='word_1_78' title='bbox 815 1686 955 1746; x_wconf 89' lang='lat' dir='ltr'>unquam</span> <span class='ocrx_word' id='word_1_79' title='bbox 976 1665 1122 1728; x_wconf 91' lang='lat' dir='ltr'>habuerit</span> <span class='ocrx_word' id='word_1_80' title='bbox 1144 1663 1242 1744; x_wconf 92' lang='lat' dir='ltr'>prius.</span> 
     </span>
     <span class='ocr_line' id='line_1_13' title="bbox 251 1763 1243 1846; baseline -0.007 -18"><span class='ocrx_word' id='word_1_81' title='bbox 251 1764 430 1846; x_wconf 90' lang='lat' dir='ltr'>Colaphum</span> <span class='ocrx_word' id='word_1_82' title='bbox 445 1764 592 1844; x_wconf 87' lang='lat' dir='ltr'>impinge,</span> <span class='ocrx_word' id='word_1_83' title='bbox 610 1764 781 1844; x_wconf 91' lang='lat' dir='ltr'>quamlibet</span> <span class='ocrx_word' id='word_1_84' title='bbox 796 1764 876 1825; x_wconf 87' lang='lat' dir='ltr'>irata</span> <span class='ocrx_word' id='word_1_85' title='bbox 890 1783 1005 1842; x_wconf 88' lang='lat' dir='ltr'>manu;</span> <span class='ocrx_word' id='word_1_86' title='bbox 1026 1763 1147 1825; x_wconf 88' lang='lat' dir='ltr'>dubitat</span> <span class='ocrx_word' id='word_1_87' title='bbox 1168 1782 1243 1823; x_wconf 92' lang='lat' dir='ltr'>num</span> 
     </span>
     <span class='ocr_line' id='line_1_14' title="bbox 250 1861 1241 1944; baseline -0.004 -19"><span class='ocrx_word' id='word_1_88' title='bbox 250 1863 411 1944; x_wconf 90' lang='lat' dir='ltr'>acceperit</span> <span class='ocrx_word' id='word_1_89' title='bbox 421 1861 472 1923; x_wconf 93' lang='lat' dir='ltr'>vel</span> <span class='ocrx_word' id='word_1_90' title='bbox 488 1882 564 1922; x_wconf 94' lang='lat' dir='ltr'>num</span> <span class='ocrx_word' id='word_1_91' title='bbox 583 1882 618 1923; x_wconf 87' lang='lat' dir='ltr'>se</span> <span class='ocrx_word' id='word_1_92' title='bbox 640 1862 702 1923; x_wconf 91' lang='lat' dir='ltr'>iam</span> <span class='ocrx_word' id='word_1_93' title='bbox 717 1862 833 1923; x_wconf 93' lang='lat' dir='ltr'>sentiat</span> <span class='ocrx_word' id='word_1_94' title='bbox 847 1862 1017 1942; x_wconf 90' lang='lat' dir='ltr'>accepisse.</span> <span class='ocrx_word' id='word_1_95' title='bbox 1059 1861 1241 1941; x_wconf 89' lang='lat' dir='ltr'>Alloquere,</span> 
     </span>
     <span class='ocr_line' id='line_1_15' title="bbox 250 1959 1240 2041; baseline -0.004 -18"><span class='ocrx_word' id='word_1_96' title='bbox 250 1972 328 2037; x_wconf 90' lang='lat' dir='ltr'>asta,</span> <span class='ocrx_word' id='word_1_97' title='bbox 350 1971 445 2041; x_wconf 90' lang='lat' dir='ltr'>tange</span> <span class='ocrx_word' id='word_1_98' title='bbox 455 1980 464 2037; x_wconf 89' lang='lat'>;</span> <span class='ocrx_word' id='word_1_99' title='bbox 487 1959 582 2036; x_wconf 92' lang='lat' dir='ltr'>audit,</span> <span class='ocrx_word' id='word_1_100' title='bbox 603 1959 697 2036; x_wconf 91' lang='lat' dir='ltr'>videt,</span> <span class='ocrx_word' id='word_1_101' title='bbox 718 1960 832 2037; x_wconf 91' lang='lat' dir='ltr'>sentit;</span> <span class='ocrx_word' id='word_1_102' title='bbox 854 1960 969 2021; x_wconf 89' lang='lat' dir='ltr'>dubius</span> <span class='ocrx_word' id='word_1_103' title='bbox 986 1970 1091 2021; x_wconf 87' lang='lat' dir='ltr'>tamen</span> <span class='ocrx_word' id='word_1_104' title='bbox 1112 1959 1240 2035; x_wconf 88' lang='lat' dir='ltr'>interea,</span> 
     </span>
     <span class='ocr_line' id='line_1_16' title="bbox 250 2057 1289 2135; baseline 0 -14"><span class='ocrx_word' id='word_1_105' title='bbox 250 2080 292 2121; x_wconf 93' lang='lat' dir='ltr'>ne</span> <span class='ocrx_word' id='word_1_106' title='bbox 308 2059 436 2121; x_wconf 87' lang='lat' dir='ltr'>fallaces</span> <span class='ocrx_word' id='word_1_107' title='bbox 452 2076 566 2119; x_wconf 90' lang='lat' dir='ltr'>sensus</span> <span class='ocrx_word' id='word_1_108' title='bbox 581 2057 782 2119; x_wconf 87' lang='lat' dir='ltr'>mentiantur.</span> <span class='ocrx_word' id='word_1_109' title='bbox 1259 2084 1289 2135; x_wconf 84' lang='lat'>¹5</span> 
     </span>
    </p>

    <p class='ocr_par' dir='ltr' id='par_1_5' title="bbox 251 2154 1321 3318">
     <span class='ocr_line' id='line_1_17' title="bbox 291 2154 1244 2232; baseline -0.001 -14"><span class='ocrx_word' id='word_1_110' title='bbox 291 2156 436 2219; x_wconf 87' lang='lat' dir='ltr'>Alterum</span> <span class='ocrx_word' id='word_1_111' title='bbox 466 2176 542 2217; x_wconf 91' lang='lat' dir='ltr'>vero</span> <span class='ocrx_word' id='word_1_112' title='bbox 575 2154 773 2217; x_wconf 90' lang='lat' dir='ltr'>Novatorum</span> <span class='ocrx_word' id='word_1_113' title='bbox 784 2177 793 2232; x_wconf 89' lang='lat'>;</span> <span class='ocrx_word' id='word_1_114' title='bbox 828 2167 912 2219; x_wconf 93' lang='lat' dir='ltr'>totos</span> <span class='ocrx_word' id='word_1_115' title='bbox 947 2157 1031 2219; x_wconf 92' lang='lat' dir='ltr'>enim</span> <span class='ocrx_word' id='word_1_116' title='bbox 1059 2177 1095 2219; x_wconf 88' lang='lat' dir='ltr'>se</span> <span class='ocrx_word' id='word_1_117' title='bbox 1122 2156 1244 2218; x_wconf 90' lang='lat' dir='ltr'>dedunt</span> 
     </span>
     <span class='ocr_line' id='line_1_18' title="bbox 251 2252 1243 2336; baseline -0.002 -19"><span class='ocrx_word' id='word_1_118' title='bbox 251 2254 303 2317; x_wconf 87' lang='lat' dir='ltr'>isti</span> <span class='ocrx_word' id='word_1_119' title='bbox 321 2254 417 2318; x_wconf 89' lang='lat' dir='ltr'>rebus</span> <span class='ocrx_word' id='word_1_120' title='bbox 434 2253 525 2316; x_wconf 90' lang='lat' dir='ltr'>novis</span> <span class='ocrx_word' id='word_1_121' title='bbox 546 2252 767 2333; x_wconf 89' lang='lat' dir='ltr'>disquirendis,</span> <span class='ocrx_word' id='word_1_122' title='bbox 788 2254 942 2336; x_wconf 92' lang='lat' dir='ltr'>novisque</span> <span class='ocrx_word' id='word_1_123' title='bbox 964 2254 1088 2317; x_wconf 90' lang='lat' dir='ltr'>urbium</span> <span class='ocrx_word' id='word_1_124' title='bbox 1108 2253 1243 2317; x_wconf 88' lang='lat' dir='ltr'>vestium</span> 
     </span>
     <span class='ocr_line' id='line_1_19' title="bbox 251 2340 1243 2433; baseline 0.001 -19"><span class='ocrx_word' id='word_1_125' title='bbox 251 2353 399 2416; x_wconf 93' lang='lat' dir='ltr'>ludorum</span> <span class='ocrx_word' id='word_1_126' title='bbox 422 2340 570 2432; x_wconf 87' lang='lat' dir='ltr'>gestuum</span> <span class='ocrx_word' id='word_1_127' title='bbox 596 2372 702 2433; x_wconf 91' lang='lat' dir='ltr'>rerum</span> <span class='ocrx_word' id='word_1_128' title='bbox 731 2353 927 2432; x_wconf 90' lang='lat' dir='ltr'>publicarum</span> <span class='ocrx_word' id='word_1_129' title='bbox 953 2352 1063 2415; x_wconf 84' lang='lat' dir='ltr'>formis</span> <span class='ocrx_word' id='word_1_130' title='bbox 1088 2353 1243 2415; x_wconf 90' lang='lat' dir='ltr'>cudendis</span> 
     </span>
     <span class='ocr_line' id='line_1_20' title="bbox 251 2447 1243 2533; baseline -0.002 -19"><span class='ocrx_word' id='word_1_131' title='bbox 251 2471 382 2531; x_wconf 88' lang='lat' dir='ltr'>operam</span> <span class='ocrx_word' id='word_1_132' title='bbox 407 2452 491 2512; x_wconf 92' lang='lat' dir='ltr'>dant.</span> <span class='ocrx_word' id='word_1_133' title='bbox 535 2447 690 2530; x_wconf 69' lang='lat' dir='ltr'>Quisquii</span> <span class='ocrx_word' id='word_1_134' title='bbox 714 2451 883 2513; x_wconf 90' lang='lat' dir='ltr'>iucundius</span> <span class='ocrx_word' id='word_1_135' title='bbox 905 2452 1033 2532; x_wconf 91' lang='lat' dir='ltr'>aliquod</span> <span class='ocrx_word' id='word_1_136' title='bbox 1054 2452 1120 2513; x_wconf 92' lang='lat' dir='ltr'>ludi</span> <span class='ocrx_word' id='word_1_137' title='bbox 1141 2471 1243 2533; x_wconf 91' lang='lat' dir='ltr'>genus</span> 
     </span>
     <span class='ocr_line' id='line_1_21' title="bbox 251 2548 1290 2630; baseline 0 -18"><span class='ocrx_word' id='word_1_138' title='bbox 251 2560 306 2613; x_wconf 92' lang='lat' dir='ltr'>aut</span> <span class='ocrx_word' id='word_1_139' title='bbox 329 2548 501 2610; x_wconf 90' lang='lat' dir='ltr'>inauditam</span> <span class='ocrx_word' id='word_1_140' title='bbox 526 2548 626 2610; x_wconf 90' lang='lat' dir='ltr'>vestis</span> <span class='ocrx_word' id='word_1_141' title='bbox 653 2548 786 2610; x_wconf 84' lang='lat' dir='ltr'>sormam</span> <span class='ocrx_word' id='word_1_142' title='bbox 816 2549 1008 2630; x_wconf 85' lang='lat' dir='ltr'>excogitarit,</span> <span class='ocrx_word' id='word_1_143' title='bbox 1035 2572 1054 2612; x_wconf 94' lang='lat' dir='ltr'>a</span> <span class='ocrx_word' id='word_1_144' title='bbox 1080 2551 1161 2612; x_wconf 92' lang='lat' dir='ltr'>duce</span> <span class='ocrx_word' id='word_1_145' title='bbox 1183 2571 1242 2630; x_wconf 93' lang='lat' dir='ltr'>pro</span> <span class='ocrx_word' id='word_1_146' title='bbox 1257 2568 1290 2605; x_wconf 81' lang='lat'>20</span> 
     </span>
     <span class='ocr_line' id='line_1_22' title="bbox 251 2645 1243 2729; baseline 0.001 -20"><span class='ocrx_word' id='word_1_147' title='bbox 251 2647 405 2728; x_wconf 88' lang='lat' dir='ltr'>dignitate</span> <span class='ocrx_word' id='word_1_148' title='bbox 421 2645 467 2708; x_wconf 90' lang='lat' dir='ltr'>rei</span> <span class='ocrx_word' id='word_1_149' title='bbox 481 2656 695 2726; x_wconf 91' lang='lat' dir='ltr'>promovetur.</span> <span class='ocrx_word' id='word_1_150' title='bbox 740 2647 806 2723; x_wconf 82' lang='lat' dir='ltr'>Qui</span> <span class='ocrx_word' id='word_1_151' title='bbox 820 2648 924 2710; x_wconf 90' lang='lat' dir='ltr'>bullas</span> <span class='ocrx_word' id='word_1_152' title='bbox 938 2649 1067 2729; x_wconf 90' lang='lat' dir='ltr'>primus,</span> <span class='ocrx_word' id='word_1_153' title='bbox 1084 2671 1125 2712; x_wconf 88' lang='lat' dir='ltr'>ex</span> <span class='ocrx_word' id='word_1_154' title='bbox 1143 2649 1243 2711; x_wconf 89' lang='lat' dir='ltr'>saliva</span> 
     </span>
     <span class='ocr_line' id='line_1_23' title="bbox 251 2743 1321 2826; baseline -0.002 -17"><span class='ocrx_word' id='word_1_155' title='bbox 251 2756 283 2809; x_wconf 87' lang='lat' dir='ltr'>et</span> <span class='ocrx_word' id='word_1_156' title='bbox 307 2755 482 2826; x_wconf 89' lang='lat' dir='ltr'>smegmate</span> <span class='ocrx_word' id='word_1_157' title='bbox 506 2743 706 2824; x_wconf 91' lang='lat' dir='ltr'>compositas,</span> <span class='ocrx_word' id='word_1_158' title='bbox 738 2745 899 2808; x_wconf 87' lang='lat' dir='ltr'>insufflato</span> <span class='ocrx_word' id='word_1_159' title='bbox 927 2747 1055 2822; x_wconf 91' lang='lat' dir='ltr'>calam0,</span> <span class='ocrx_word' id='word_1_160' title='bbox 1084 2747 1243 2823; x_wconf 87' lang='lat' dir='ltr'>excitavit,</span> <span class='ocrx_word' id='word_1_161' title='bbox 1317 2757 1321 2762; x_wconf 78' lang='grc'><em>“</em></span> 
     </span>
     <span class='ocr_line' id='line_1_24' title="bbox 252 2843 1243 2924; baseline -0.002 -16"><span class='ocrx_word' id='word_1_162' title='bbox 252 2865 316 2908; x_wconf 93' lang='lat' dir='ltr'>non</span> <span class='ocrx_word' id='word_1_163' title='bbox 341 2844 446 2906; x_wconf 90' lang='lat' dir='ltr'>minus</span> <span class='ocrx_word' id='word_1_164' title='bbox 475 2843 537 2906; x_wconf 92' lang='lat' dir='ltr'>illic</span> <span class='ocrx_word' id='word_1_165' title='bbox 566 2844 700 2907; x_wconf 89' lang='lat' dir='ltr'>celebris</span> <span class='ocrx_word' id='word_1_166' title='bbox 726 2855 775 2907; x_wconf 88' lang='lat' dir='ltr'>est</span> <span class='ocrx_word' id='word_1_167' title='bbox 804 2865 898 2924; x_wconf 90' lang='lat' dir='ltr'>quam</span> <span class='ocrx_word' id='word_1_168' title='bbox 921 2846 972 2907; x_wconf 91' lang='lat' dir='ltr'>vel</span> <span class='ocrx_word' id='word_1_169' title='bbox 999 2846 1243 2906; x_wconf 90' lang='lat' dir='ltr'>bombardarum</span> 
     </span>
     <span class='ocr_line' id='line_1_25' title="bbox 253 2942 1243 3024; baseline -0.001 -21"><span class='ocrx_word' id='word_1_170' title='bbox 253 2943 402 3006; x_wconf 90' lang='lat' dir='ltr'>inventor</span> <span class='ocrx_word' id='word_1_171' title='bbox 415 2943 466 3006; x_wconf 91' lang='lat' dir='ltr'>vel</span> <span class='ocrx_word' id='word_1_172' title='bbox 485 2943 694 3024; x_wconf 89' lang='lat' dir='ltr'>Moguntinus</span> <span class='ocrx_word' id='word_1_173' title='bbox 716 2943 770 3006; x_wconf 92' lang='lat' dir='ltr'>ille</span> <span class='ocrx_word' id='word_1_174' title='bbox 786 2942 1016 3023; x_wconf 85' lang='lat' dir='ltr'>typographiae</span> <span class='ocrx_word' id='word_1_175' title='bbox 1033 2952 1143 3005; x_wconf 91' lang='lat' dir='ltr'>auctor</span> <span class='ocrx_word' id='word_1_176' title='bbox 1159 2943 1243 3021; x_wconf 91' lang='lat' dir='ltr'>apud</span> 
     </span>
     <span class='ocr_line' id='line_1_26' title="bbox 254 3039 1288 3122; baseline -0.006 -21"><span class='ocrx_word' id='word_1_177' title='bbox 254 3039 449 3121; x_wconf 85' lang='lat' dir='ltr'>Europaeos.</span> <span class='ocrx_word' id='word_1_178' title='bbox 495 3041 541 3103; x_wconf 95' lang='lat' dir='ltr'>Hi</span> <span class='ocrx_word' id='word_1_179' title='bbox 556 3062 672 3121; x_wconf 85' lang='lat' dir='ltr'>magno</span> <span class='ocrx_word' id='word_1_180' title='bbox 687 3041 719 3102; x_wconf 91' lang='lat' dir='ltr'>in</span> <span class='ocrx_word' id='word_1_181' title='bbox 734 3041 837 3122; x_wconf 90' lang='lat' dir='ltr'>pretio</span> <span class='ocrx_word' id='word_1_182' title='bbox 851 3050 926 3102; x_wconf 90' lang='lat' dir='ltr'>sunt</span> <span class='ocrx_word' id='word_1_183' title='bbox 940 3040 1057 3115; x_wconf 91' lang='lat' dir='ltr'>aulicis,</span> <span class='ocrx_word' id='word_1_184' title='bbox 1077 3039 1244 3103; x_wconf 88' lang='lat' dir='ltr'>Moroniae</span> <span class='ocrx_word' id='word_1_185' title='bbox 1258 3058 1288 3108; x_wconf 81' lang='lat'>25</span> 
     </span>
     <span class='ocr_line' id='line_1_27' title="bbox 251 3138 1245 3219; baseline 0.001 -19"><span class='ocrx_word' id='word_1_186' title='bbox 251 3139 438 3219; x_wconf 86' lang='lat' dir='ltr'>praesertim</span> <span class='ocrx_word' id='word_1_187' title='bbox 468 3139 591 3214; x_wconf 91' lang='lat' dir='ltr'>Felicis,</span> <span class='ocrx_word' id='word_1_188' title='bbox 619 3139 673 3218; x_wconf 93' lang='lat' dir='ltr'>qui</span> <span class='ocrx_word' id='word_1_189' title='bbox 701 3159 812 3201; x_wconf 92' lang='lat' dir='ltr'>eorum</span> <span class='ocrx_word' id='word_1_190' title='bbox 841 3138 975 3200; x_wconf 89' lang='lat' dir='ltr'>consilio</span> <span class='ocrx_word' id='word_1_191' title='bbox 996 3147 1104 3200; x_wconf 90' lang='lat' dir='ltr'>vestes</span> <span class='ocrx_word' id='word_1_192' title='bbox 1132 3157 1245 3200; x_wconf 91' lang='lat' dir='ltr'>omnes</span> 
     </span>
     <span class='ocr_line' id='line_1_28' title="bbox 252 3239 799 3318; baseline -0.002 -18"><span class='ocrx_word' id='word_1_193' title='bbox 252 3239 451 3315; x_wconf 88' lang='lat' dir='ltr'>concinnant,</span> <span class='ocrx_word' id='word_1_194' title='bbox 468 3248 663 3318; x_wconf 92' lang='lat' dir='ltr'>componunt</span> <span class='ocrx_word' id='word_1_195' title='bbox 679 3249 799 3318; x_wconf 87' lang='lat' dir='ltr'>gestus.</span> 
     </span>
    </p>

    <p class='ocr_par' dir='ltr' id='par_1_6' title="bbox 176 3333 1291 3613">
     <span class='ocr_line' id='line_1_29' title="bbox 176 3333 1244 3414; baseline -0.004 -16"><span class='ocrx_word' id='word_1_196' title='bbox 176 3385 184 3394; x_wconf 76' lang='grc'><em>.</em></span> <span class='ocrx_word' id='word_1_197' title='bbox 224 3385 228 3390; x_wconf 92' lang='grc'>.</span> <span class='ocrx_word' id='word_1_198' title='bbox 293 3337 380 3413; x_wconf 85' lang='lat' dir='ltr'>Quin</span> <span class='ocrx_word' id='word_1_199' title='bbox 403 3347 434 3398; x_wconf 93' lang='lat' dir='ltr'>et</span> <span class='ocrx_word' id='word_1_200' title='bbox 455 3336 507 3397; x_wconf 89' lang='lat' dir='ltr'>isti</span> <span class='ocrx_word' id='word_1_201' title='bbox 529 3355 643 3398; x_wconf 92' lang='lat' dir='ltr'>novam</span> <span class='ocrx_word' id='word_1_202' title='bbox 667 3335 728 3396; x_wconf 87' lang='lat' dir='ltr'>sibi</span> <span class='ocrx_word' id='word_1_203' title='bbox 750 3335 892 3414; x_wconf 90' lang='lat' dir='ltr'>linguam</span> <span class='ocrx_word' id='word_1_204' title='bbox 913 3333 1126 3411; x_wconf 72' lang='lat' dir='ltr'>fabricarunt,</span> <span class='ocrx_word' id='word_1_205' title='bbox 1151 3353 1244 3412; x_wconf 88' lang='lat' dir='ltr'>quam</span> 
     </span>
     <span class='ocr_line' id='line_1_30' title="bbox 253 3415 1245 3514; baseline -0.004 -17"><span class='ocrx_word' id='word_1_206' title='bbox 253 3435 518 3514; x_wconf 89' lang='lat' dir='ltr'>Supermonicam</span> <span class='ocrx_word' id='word_1_207' title='bbox 558 3433 718 3513; x_wconf 91' lang='lat' dir='ltr'>appellant</span> <span class='ocrx_word' id='word_1_208' title='bbox 753 3431 906 3510; x_wconf 88' lang='lat' dir='ltr'>magistri,</span> <span class='ocrx_word' id='word_1_209' title='bbox 939 3432 1017 3493; x_wconf 92' lang='lat' dir='ltr'>solis</span> <span class='ocrx_word' id='word_1_210' title='bbox 1050 3415 1245 3493; x_wconf 86' lang='lat' dir='ltr'>doctioribus</span> 
     </span>
     <span class='ocr_line' id='line_1_31' title="bbox 251 3532 1291 3613; baseline -0.007 -19"><span class='ocrx_word' id='word_1_211' title='bbox 251 3533 354 3595; x_wconf 90' lang='lat' dir='ltr'>adhuc</span> <span class='ocrx_word' id='word_1_212' title='bbox 369 3532 535 3613; x_wconf 88' lang='lat' dir='ltr'>cognitam.</span> <span class='ocrx_word' id='word_1_213' title='bbox 1259 3538 1291 3587; x_wconf 73' lang='lat'>³0</span> 
     </span>
    </p>

    <p class='ocr_par' dir='ltr' id='par_1_7' title="bbox 252 3623 1250 3903">
     <span class='ocr_line' id='line_1_32' title="bbox 295 3623 1248 3709; baseline -0.004 -18"><span class='ocrx_word' id='word_1_214' title='bbox 295 3629 476 3693; x_wconf 87' lang='lat' dir='ltr'>Praefectus</span> <span class='ocrx_word' id='word_1_215' title='bbox 500 3628 624 3709; x_wconf 89' lang='lat' dir='ltr'>collegii</span> <span class='ocrx_word' id='word_1_216' title='bbox 646 3635 714 3689; x_wconf 89' lang='lat' dir='ltr'>erat</span> <span class='ocrx_word' id='word_1_217' title='bbox 737 3626 866 3688; x_wconf 91' lang='lat' dir='ltr'>Bustius</span> <span class='ocrx_word' id='word_1_218' title='bbox 890 3623 1155 3698; x_wconf 81' lang='lat' dir='ltr'>HohenheimiuS,</span> <span class='ocrx_word' id='word_1_219' title='bbox 1178 3644 1248 3703; x_wconf 88' lang='lat' dir='ltr'>pre·</span> 
     </span>
     <span class='ocr_line' id='line_1_33' title="bbox 252 3721 1248 3810; baseline -0.005 -20"><span class='ocrx_word' id='word_1_220' title='bbox 252 3729 366 3810; x_wconf 90' lang='lat' dir='ltr'>cipuus</span> <span class='ocrx_word' id='word_1_221' title='bbox 395 3749 497 3791; x_wconf 91' lang='lat' dir='ltr'>novae</span> <span class='ocrx_word' id='word_1_222' title='bbox 522 3728 651 3807; x_wconf 89' lang='lat' dir='ltr'>linguae</span> <span class='ocrx_word' id='word_1_223' title='bbox 679 3724 880 3786; x_wconf 77' lang='lat' dir='ltr'>architectus·</span> <span class='ocrx_word' id='word_1_224' title='bbox 926 3721 1024 3784; x_wconf 91' lang='lat' dir='ltr'>Haud</span> <span class='ocrx_word' id='word_1_225' title='bbox 1049 3722 1116 3783; x_wconf 90' lang='lat' dir='ltr'>scio</span> <span class='ocrx_word' id='word_1_226' title='bbox 1141 3732 1248 3785; x_wconf 86' lang='lat' dir='ltr'>tamen</span> 
     </span>
     <span class='ocr_line' id='line_1_34' title="bbox 252 3820 1250 3903; baseline -0.007 -13"><span class='ocrx_word' id='word_1_227' title='bbox 252 3847 328 3890; x_wconf 92' lang='lat' dir='ltr'>num</span> <span class='ocrx_word' id='word_1_228' title='bbox 348 3828 425 3890; x_wconf 89' lang='lat' dir='ltr'>haec</span> <span class='ocrx_word' id='word_1_229' title='bbox 445 3847 528 3889; x_wconf 92' lang='lat' dir='ltr'>nova</span> <span class='ocrx_word' id='word_1_230' title='bbox 545 3826 606 3887; x_wconf 91' lang='lat' dir='ltr'>huc</span> <span class='ocrx_word' id='word_1_231' title='bbox 623 3843 725 3903; x_wconf 85' lang='lat' dir='ltr'>usque</span> <span class='ocrx_word' id='word_1_232' title='bbox 740 3820 913 3884; x_wconf 87' lang='lat' dir='ltr'>obtinuerit</span> <span class='ocrx_word' id='word_1_233' title='bbox 927 3839 968 3880; x_wconf 91' lang='lat' dir='ltr'>an</span> <span class='ocrx_word' id='word_1_234' title='bbox 988 3820 1093 3881; x_wconf 89' lang='lat' dir='ltr'>locum</span> <span class='ocrx_word' id='word_1_235' title='bbox 1115 3822 1250 3884; x_wconf 88' lang='lat' dir='ltr'>cesserit</span> 
     </span>
    </p>
   </div>
   <div class='ocr_carea' id='block_1_3' title="bbox 0 0 1580 4575">
    <p class='ocr_par' dir='ltr' id='par_1_8' title="bbox 0 0 1580 4575">
     <span class='ocr_line' id='line_1_35' title="bbox 0 0 1580 4575; baseline 0 0"><span class='ocrx_word' id='word_1_236' title='bbox 0 0 1580 4575; x_wconf 95' lang='lat' dir='ltr'> </span> 
     </span>
    </p>
   </div>
  </div>
 </body>
</html>
