3142 4575
351 544 392 605 32
537 525 735 588 nunnus
767 489 924 588 aaran
955 527 1013 589 rr
1039 528 1154 591 mun
1240 529 1345 610 [nm

394 681 431 743 Id
456 702 552 743 unum
579 684 820 761 quemn-cuius
845 683 999 746 monitum
1020 685 1094 746 volo
1120 684 1279 760 lectorem,
1303 686 1347 747 ita

351 779 562 861 proficiscenti
578 780 654 841 mihi
670 780 804 843 molesta
817 781 915 843 luisse
930 782 1052 861 pocula,
1069 792 1103 843 ut
1118 802 1232 844 cruces
1247 783 1345 845 Italae

350 888 382 940 et
405 877 571 957 Hispanae
592 880 695 940 solent
717 879 878 941 festinanti
892 879 1024 957 viatori;
1053 900 1134 960 quae
1155 882 1195 942 ad
1217 880 1345 943 tertium

351 996 509 1057 quemque
524 976 661 1056 lapidem
673 978 733 1039 sub
744 997 837 1039 sacro
847 977 966 1039 sornice
978 979 1074 1058 plena
1084 978 1345 1058 disponebantur,

321 1094 335 1143 5
356 1074 470 1155 quibus
492 1074 622 1137 illibatis
636 1076 852 1155 peregrinanti
867 1075 915 1138 sas
930 1095 995 1137 non
1009 1087 1059 1138 est
1073 1076 1144 1137 illac
1161 1078 1343 1155 praeterire.

352 1174 507 1250 Conveni,
537 1173 673 1244 tandem,
701 1174 864 1248 viatorem,
890 1173 1046 1259 vilissimo
1074 1194 1112 1236 ac
1140 1175 1344 1238 villosissimo

351 1273 465 1351 sagulo
479 1271 730 1352 superindutum,
747 1273 852 1334 fronte
866 1291 902 1332 ac
917 1271 1052 1351 pedibus
1067 1272 1198 1335 nudum.

394 1370 463 1450 Ego
498 1369 603 1432 statim
638 1389 702 1449 quo
738 1378 802 1431 tam
830 1370 945 1449 grandi
972 1371 1074 1449 gradu
1104 1370 1250 1434 tenderet
1277 1393 1344 1453 per·

351 1470 512 1533 contabar.

307 1588 340 1627 10
392 1565 454 1628 Cui
475 1566 536 1643 ille,
560 1565 892 1646 ‘peregrinationem’
914 1566 1024 1646 inq‘uit,
1049 1567 1194 1647 ‘longam
1217 1570 1344 1649 suscepi

351 1665 392 1726 ad
408 1684 533 1726 sacrum
548 1675 650 1727 utrem
667 1664 966 1745 Schlauchbergae.'

393 1763 528 1825 Miratus
566 1774 684 1825 novum
720 1762 809 1824 urbis
843 1783 959 1825 nomen
995 1764 1118 1843 iterque
1149 1764 1341 1841 inusitatum,

351 1862 449 1923 multa
469 1863 619 1941 rogabam
642 1862 682 1922 de
708 1860 848 1939 regionis
872 1860 1024 1941 urbisque
1049 1862 1119 1937 situ,
1133 1864 1189 1924 ·de
1220 1864 1344 1926 consilii

351 1960 482 2034 ratione,
513 1961 554 2021 de
585 1958 665 2021 utris
700 1958 839 2039 denique
867 1959 951 2022 illius
979 1959 1094 2022 virtute
1105 1981 1114 2037 ;
1149 1959 1269 2041 tulique
1294 1979 1344 2023 re·

306 2074 335 2127 15
351 2078 504 2139 sponsum
518 2082 567 2121 :—
1157 2069 1160 2077 '

392 2156 665 2237 ‘Schlauchberga
688 2158 766 2218 urbs
790 2167 838 2219 est
863 2157 895 2218 in
925 2157 1043 2219 ultimis
1071 2156 1137 2219 fere
1168 2155 1344 2235 Pyraeniae

350 2253 468 2318 linibus
486 2265 518 2318 et
537 2254 703 2336 Loqaniae,
720 2256 760 2317 ab
780 2266 914 2336 utraque
935 2256 1066 2337 regione
1085 2254 1341 2331 celebratissima,

349 2353 383 2414 in
405 2375 474 2434 qua,
499 2365 626 2434 praeter
647 2354 708 2416 alia
729 2354 893 2434 religionis
915 2365 1128 2429 monumenta,
1151 2354 1249 2416 aedes
1270 2361 1344 2413 suut

353 2452 677 2532 Bacchi—Capellam
704 2452 882 2514 Ardentem
911 2462 1107 2535 vocant—ex
1138 2451 1238 2512 ardua
1265 2469 1344 2529 rupe

307 2569 339 2604 ²0
352 2550 488 2613 excisae.
532 2550 558 2610 E
577 2569 712 2630 quarum
731 2559 823 2626 tecto,
840 2550 972 2630 pyropis
989 2550 1158 2630 aureisque
1173 2547 1345 2610 flammulis

352 2648 603 2728 magnificentius
632 2658 754 2724 ornato,
783 2657 820 2708 ut
847 2658 1023 2710 cataractae
1054 2649 1086 2708 in
1117 2646 1226 2709 nescio
1257 2644 1343 2725 quod

353 2747 498 2809 indicum
524 2766 619 2823 mare,
647 2755 754 2826 guttae
778 2765 937 2825 perennes
966 2745 1116 2806 fumantis
1143 2744 1344 2825 tepentisque

350 2845 482 2925 liquoris
505 2845 538 2905 in
560 2830 662 2907 utrem
684 2843 861 2906 subiectum
882 2844 1034 2906 continuo
1055 2844 1144 2905 fluxu
1166 2842 1343 2915 destillant;

351 2963 445 3024 quem
460 2963 598 3023 superne
618 2941 722 3004 serunt
738 2953 827 3004 tanta
841 2943 956 3004 virtute
971 2942 1136 3019 imbutum,
1151 2952 1185 3003 ut
1200 2941 1344 3021 quisquis

272 3059 274 3064 ’
307 3053 338 3104 ²5
350 3042 402 3123 pie
416 3043 594 3122 devoteque
610 3061 650 3103 ex
666 3061 704 3103 eo
720 3041 840 3121 largius
851 3041 1002 3116 hauserit,
1016 3059 1178 3119 nunquam
1193 3039 1345 3118 deinceps

349 3151 403 3202 aut
438 3151 511 3202 ante
545 3139 682 3201 mediam
710 3149 836 3201 noctem
865 3140 954 3202 sitire
988 3150 1043 3201 aut
1070 3149 1144 3200 ante
1180 3137 1344 3199 meridiem

350 3238 500 3302 inebriari
521 3238 631 3318 possit.
677 3236 715 3298 ld
733 3257 810 3300 vero
832 3247 1001 3317 utrumque
1023 3236 1108 3311 mihi,
1126 3235 1246 3296 homini
1267 3237 1345 3314 pub-

350 3337 420 3414 lico,
450 3335 582 3398 multum
611 3335 738 3398 facessit
766 3336 895 3416 negotii,
925 3336 979 3416 qui
1008 3356 1112 3415 neque
1140 3335 1180 3396 ad
1208 3333 1344 3396 mediam

350 3455 451 3516 usque
479 3445 603 3498 noctem
632 3434 772 3496 dormire
800 3453 933 3514 possum
959 3433 1035 3513 quin
1064 3453 1143 3513 prae
1169 3431 1266 3493 nimia
1292 3430 1344 3493 siti

307 3553 337 3602 30
350 3554 489 3614 surgam,
511 3553 614 3613 neque
641 3552 733 3593 mane
758 3552 856 3612 surgo
881 3530 958 3611 quin
981 3541 1056 3592 ante
1084 3529 1248 3591 meridiem
1275 3549 1343 3609 gra·

350 3632 481 3694 vissimo
509 3652 622 3694 somno
648 3649 774 3712 premar
803 3630 919 3691 ebrius
964 3627 1061 3690 Hunc
1083 3648 1161 3708 ergo
1182 3628 1215 3689 in
1237 3627 1342 3702 finem,

350 3730 412 3792 nisi
434 3731 519 3810 quod
542 3729 670 3809 paulum
686 3749 788 3809 aquae
803 3727 967 3790 libaverim
983 3727 1079 3788 hodie
1095 3727 1135 3787 de
1149 3746 1229 3805 puro
1246 3725 1342 3800 sonte,

350 3849 408 3912 per
423 3829 559 3891 triduum
576 3829 636 3890 hoc
651 3826 834 3889 siticulosus
849 3825 972 3901 incedo,
985 3835 1020 3886 ut
1035 3835 1122 3887 tanto
1134 3825 1206 3905 plus
1221 3841 1345 3883 merear
