3142 4575
319 533 360 592 30
504 513 704 575 MUNDUS
732 513 976 582 ALTERlST
1008 514 1123 576 IDEM
1210 513 1313 595 [urat

361 668 516 749 Quisquis
531 671 636 735 triduo
651 672 683 733 in
698 674 776 733 urbe
792 672 952 747 manserit,
972 670 1098 733 Baccho
1114 669 1278 732 sacrificet.

362 766 426 842 Qui
461 768 569 831 vinum
605 790 687 851 aqua
721 770 893 849 miscuerit,
922 770 962 831 ad
999 768 1143 831 caninam
1171 786 1314 841 mensam

321 865 495 929 damnator.

329 1008 331 1012 -
363 962 427 1038 Qui
450 964 608 1027 Bacchum
628 965 789 1043 iuraverit,
804 986 861 1029 nec
877 967 1052 1030 servaverit
1066 965 1173 1041 fidem,
1189 965 1314 1027 intesta·

293 1061 393 1141 tbilis
407 1073 486 1125 esto.

362 1160 427 1236 Qui
451 1163 565 1241 poculo
588 1164 720 1227 alterum
742 1164 868 1245 petierit
890 1164 997 1239 iratus
1021 1175 1054 1225 et
1073 1163 1124 1225 vel
1147 1162 1223 1243 quid
1249 1160 1315 1221 vini

321 1258 468 1321 effuderit
482 1262 533 1323 vel
548 1283 609 1325 vas,
628 1263 730 1342 ipsum
750 1262 887 1343 fregerit,
905 1261 1051 1341 proximo
1073 1260 1125 1323 die
1145 1259 1267 1340 poculis
1285 1269 1317 1320 et

322 1378 450 1420 manum
465 1370 496 1421 et
511 1361 600 1424 labra
614 1362 781 1425 abstineto,

383 1556 463 1620 Cnr.
486 1557 525 1619 V.
572 1558 767 1632 Exsaoumr:
790 1561 1081 1624 Bunoounoisrnr.
1127 1560 1257 1622 Baccur

702 1657 925 1720 Sncnirrcrun

367 1802 445 1864 lutn
475 1804 545 1883 ipsa
574 1814 678 1881 nocte,
706 1825 788 1884 quae
817 1817 916 1868 testes
945 1828 1004 1870 nos
1033 1808 1142 1869 habuit
1170 1804 1314 1880 convivii,

282 1922 312 1959 ro
325 1902 450 1981 quidam
467 1902 770 1983 eburgomagistris,
783 1904 873 1966 cuius
889 1906 985 1967 aedes
1000 1905 1031 1965 in
1048 1906 1160 1967 altiore
1172 1904 1317 1965 colliculo

324 2000 403 2062 sitae
432 2011 530 2079 erant,
560 2021 578 2063 e
607 2000 746 2063 fenestra
774 2001 892 2063 excidit
900 2024 908 2075 ;
937 2023 1031 2083 quam
1061 2002 1096 2081 is,
1128 2022 1242 2083 parum·
1268 2001 1317 2063 sui

324 2119 455 2179 compos
483 2120 541 2163 nec
569 2100 651 2161 bene
679 2101 822 2181 palpans,
847 2101 963 2163 ostium
992 2111 1129 2180 putarat,
1158 2099 1318 2179 fractaque

325 2198 446 2260 cervice
464 2198 570 2261 statim
588 2198 770 2278 exspiravit.
814 2198 916 2261 Cuius
931 2199 1102 2278 exsequias
1117 2218 1232 2277 magna
1247 2217 1318 2259 cum

325 2316 439 2377 pompa
473 2298 622 2378 luctuque
650 2297 827 2360 celebratas
855 2297 928 2359 vidi.
988 2297 1081 2378 Pullo
1116 2304 1152 2359 se
1184 2296 1318 2376 quisque

284 2415 312 2465 15
326 2395 432 2456 colore
465 2395 614 2476 tingebat,
645 2415 767 2476 proque
803 2396 897 2458 sertis
932 2395 1110 2475 pampineis
1146 2415 1320 2475 cupressea

326 2491 484 2555 induebat.
543 2492 690 2555 Cadaver
721 2493 903 2574 impositum
934 2514 998 2555 non
1031 2494 1224 2577 sandapilae,
1254 2513 1318 2554 non

324 2611 431 2672 pyrae,
458 2593 514 2652 sed
545 2591 630 2652 dolio
660 2591 850 2671 semi-pleno
879 2591 1036 2666 iniectum,
1068 2593 1100 2652 in
1129 2602 1225 2674 puteo
1254 2589 1318 2652 vini

325 2691 421 2769 pleno
446 2690 509 2750 iron
534 2701 597 2751 tam
619 2690 776 2769 sepultum
799 2710 893 2770 quam
915 2692 1115 2752 submersum
1137 2699 1185 2752 est
1196 2711 1205 2767 ;
1236 2709 1316 2764 nam,

326 2789 379 2848 ubi
405 2788 560 2850 Romanis
584 2788 616 2850 in
642 2809 731 2850 more
757 2800 825 2850 erat
849 2809 947 2874 pyrae
969 2789 1072 2850 altiori
1094 2787 1205 2868 glebas
1229 2787 1319 2864 turiS,

283 2913 314 2950 20
327 2897 361 2948 ut
382 2887 494 2967 loquar
516 2907 587 2948 cum
611 2885 768 2963 Lucretio,
786 2897 818 2948 et
839 2906 934 2948 omne
949 2907 1052 2967 genus
1067 2884 1318 2947 suaveolentium

326 2996 502 3047 aromatum
528 2973 753 3064 superinicere,
778 2985 829 3045 hic
855 2985 1001 3046 urnulam
1027 2985 1162 3064 quisque
1186 2983 1251 3046 vini
1276 2983 1318 3060 in·

326 3083 428 3145 fundit
450 3085 580 3157 tumulo,
605 3094 794 3163 mortuoque
815 3083 969 3146 valedicit
1014 3081 1126 3145 Statua
1147 3082 1193 3143 illi
1215 3092 1320 3144 erecta

327 3180 359 3242 in
388 3182 493 3244 medio
524 3181 640 3243 Bacchi
670 3181 758 3257 atrio,
790 3181 944 3263 inscripta
971 3181 1097 3243 illorum
1126 3179 1236 3260 lingua
1259 3179 1320 3241 hoc

326 3301 484 3343 carmme:

284 3436 314 3485 ²5
433 3414 500 3470 Non
519 3421 640 3484 patuere
659 3411 755 3468 sores:
776 3410 868 3483 patuit
887 3427 963 3482 quae
982 3417 1068 3464 nocte
1087 3408 1225 3477 fenestra,

467 3499 558 3556 lanua
576 3498 678 3556 mortis
697 3507 769 3568 erat,
789 3499 875 3554 ianua
893 3496 1014 3552 honoris
1032 3496 1094 3554 erit.

369 3625 504 3688 Biduum
532 3644 593 3704 ego
622 3623 691 3685 istic
719 3641 853 3684 securus
877 3620 1074 3695 mansissem,
1099 3640 1170 3681 cum
1199 3619 1239 3680 ad
1267 3636 1318 3679 me

327 3723 455 3804 hospeS,
474 3723 585 3784 ‘Heus
600 3721 654 3797 tu,’
670 3720 778 3800 inquit,
800 3719 935 3780 ‘latuisti
957 3719 1064 3798 probe,
1082 3719 1244 3788 hactenus
1261 3713 1319 3780 sed

326 3823 453 3885 tertium
468 3821 494 3882 si
515 3821 620 3882 adhuc
632 3819 723 3882 ,diem
738 3817 844 3898 egeris
863 3836 994 3878 necesse
1011 3826 1060 3878 est
1076 3815 1201 3878 Baccho
1223 3810 1318 3877 sacri·
