3142 4575
376 1223 378 1226 ψ
464 1188 658 1269 LIBER
696 1188 997 1294 QUARTUS

602 1404 855 1467 LAVERNIA

476 1590 559 1654 CAP.
585 1590 609 1653 Ι.
654 1590 756 1653 Snus
783 1587 985 1649 annninne

276 1764 451 1825 annnnni
470 1763 509 1823 ab
529 1762 691 1824 occidente
710 1762 922 1843 Magellanico
943 1764 1070 1844 quidem
1086 1764 1225 1839 Oceano,

234 1864 273 1924 ab
309 1863 430 1925 oriente
463 1860 518 1923 Pia
549 1860 698 1923 Moronia
732 1872 763 1923 et
793 1861 962 1941 Crapuliae
998 1873 1088 1943 parte
1123 1863 1228 1942 aliqua

234 1960 430 2023 terminatur.

274 2060 376 2122 Terra
401 2070 465 2119 tam
490 2078 623 2137 prorsus
648 2057 741 2120 effeta
767 2068 799 2120 et
827 2058 954 2135 steriliS,
979 2059 1007 2119 si
1036 2080 1130 2120 unam
1159 2080 1227 2139 pro·

232 2154 569 2237 vinciam'exceperiS,
594 2165 628 2217 ut
653 2176 694 2217 ex
722 2157 780 2217 hac
810 2156 917 2237 potius
942 2177 1037 2237 quarn
1063 2156 1257 2234 Trinacria5

235 2255 288 2318 illa
302 2254 409 2332 veteri,
426 2253 491 2317 filia
507 2254 635 2317 Cereris
651 2275 669 2316 a
687 2254 821 2318 Plutone
836 2266 928 2335 rapta
942 2255 1095 2318 videatur.

276 2353 344 2416 Nec
365 2353 485 2434 pastori
506 2353 557 2415 hic
579 2354 667 2417 locus
690 2375 748 2416 nec
771 2355 947 2434 agricolae:
978 2354 1100 2416 incolae
1123 2364 1227 2416 tamen

234 2452 277 2513 ita
294 2473 399 2515 rerum
418 2451 558 2514 omnium
578 2453 668 2533 copia
687 2453 842 2528 diffluunt,
860 2465 894 2514 ut
909 2453 996 2514 nulla
1011 2453 1088 2514 mihi
1103 2453 1136 2513 in
1151 2455 1228 2515 orbe

234 2561 300 2612 toto
322 2551 423 2627 ditior,
436 2561 509 2627 taut,
529 2562 681 2632 quantum
704 2551 812 2614 feritas
833 2551 887 2612 illa
908 2562 1040 2612 naturae
1061 2550 1128 2626 sert,
1148 2573 1229 2632 gens

234 2648 397 2712 delicatior
405 2649 475 2710 visa
483 2649 538 2710 sit:
557 2649 705 2729 quicquid
719 2650 804 2711 enim
815 2671 948 2731 usquam
959 2660 1114 2711 terrarum
1126 2650 1229 2730 splen·
1245 2674 1275 2708 ιο

234 2746 342 2808 didum
365 2749 499 2810 habetur
517 2768 552 2808 ac
573 2747 790 2823 rariusculum,
808 2748 875 2810 sive
894 2749 968 2810 dolo
983 2769 1041 2810 seu
1055 2747 1086 2807 vi
1102 2747 1228 2827 rapiunt

234 2845 274 2908 ad
288 2867 332 2923 se,
350 2856 540 2927 raptumque
555 2845 624 2926 pari
638 2846 790 2909 violentia
804 2857 943 2908 tuentur.

276 2944 454 3007 Laverniae
479 2955 586 3024 partes
612 2945 693 3008 duae
722 2957 804 3022 sunt,
830 2945 979 3007 Larcinia
1004 2956 1035 3007 et
1060 2945 1227 3006 Phenacia.

237 3041 329 3104 Haec
361 3041 542 3104 Moroniam
571 3055 602 3104 et
633 3043 801 3124 Crapuliae
830 3044 982 3123 angulum
1011 3043 1143 3123 attingit,
1175 3043 1229 3105 illa

234 3140 335 3220 magis
372 3140 577 3203 Occidentem
615 3152 742 3221 spectat,
778 3153 810 3204 et
845 3153 954 3204 contra
989 3162 1088 3221 vagae
1123 3141 1228 3220 gentis
1245 3161 1272 3210 15

235 3239 390 3300 Larcinae
405 3259 525 3301 morem
542 3239 608 3301 suis
623 3259 659 3301 se
674 3240 791 3302 finibus
806 3240 961 3302 contineri
976 3239 1070 3314 sinit;
1094 3248 1227 3318 utraque

234 3337 325 3400 valde
341 3336 487 3399 immanis
502 3347 533 3399 et
549 3337 720 3418 inhospita.

449 3537 530 3599 Cn».
555 3538 597 3600 ΙΙ.
644 3537 869 3598 Lnncinonun
894 3534 1015 3598 Mones

274 3685 467 3747 Lnncminn
491 3687 530 3747 ab
552 3695 685 3766 utraque
708 3686 858 3748 Moronia
872 3697 1001 3767 separat
1014 3687 1133 3750 flumen
1148 3687 1226 3767 Try·

232 3783 392 3861 phonium,
409 3783 500 3845 cuius
514 3785 619 3846 undae
635 3784 900 3848 flexuosissimae.

202 3903 205 3909 ¹
275 3880 359 3942 Tota
391 3880 478 3961 regio
498 3881 553 3943 ita
580 3882 698 3946 silvosa
730 3894 760 3946 et
790 3895 940 3946 montana
969 3893 1017 3946 est
1046 3895 1079 3946 ut
1108 3883 1226 3947 deserti
1242 3907 1273 3943 ιο

718 4001 738 4043 o
