3142 4575
203 534 207 543 “
236 548 307 591 cnr.
324 529 362 612 11]
617 526 867 590 VIRAGINIA
1035 518 1043 575 ἓ
1191 539 1229 604 41

235 684 361 763 publice
388 684 494 745 danda
522 682 612 761 fides,
638 683 801 762 meleges
827 683 1059 761 subsequentes
1082 679 1231 742 inviolate

235 784 480 845 observaturum
493 806 541 844 :—
1153 784 1158 792 ’

279 882 333 944 Me
358 881 436 943 nihil
457 900 597 961 unquam
619 880 693 942 mali
714 878 914 941 nobilissimo
935 878 1036 954 sexui,
1057 877 1110 938 vel
1131 878 1230 938 verbo

236 980 289 1042 vel
303 979 394 1056 facto,
411 979 673 1041 machinaturum.

280 1078 445 1140 Feminam
474 1078 656 1157 loquentem
685 1096 833 1139 sermone
861 1095 933 1137 meo
954 1095 1115 1155 nunquam
1140 1075 1231 1137 inter·
1257 1090 1271 1137 5

236 1176 438 1255 pellaturum.

280 1273 497 1336 Domesticum
523 1273 690 1353 imperium
716 1291 777 1349 me,
799 1271 979 1351 ubicunque
1002 1271 1071 1345 sim,
1095 1270 1231 1334 feminae

236 1368 473 1434 concessurum.

281 1471 335 1533 Me
352 1490 516 1550 nunquam
534 1470 565 1530 in
586 1470 758 1549 Locaniam
778 1468 972 1529 rediturum:
994 1467 1131 1547 agitatur
1147 1468 1229 1529 enirn

237 1570 323 1649 apud
346 1568 417 1630 illas
437 1568 564 1647 vulgari
585 1567 763 1647 proverbio,
788 1565 965 1626 ‘Plurimos
986 1566 1047 1627 huc
1069 1566 1231 1645 appellere
1244 1595 1275 1630 10

237 1670 341 1729 bonos
356 1665 450 1742 viros,
468 1666 634 1727 discedere
649 1666 749 1726 malos
764 1663 916 1725 maritos!
1058 1733 1059 1736 Ἴ

283 1764 426 1826 Plurium
456 1783 582 1825 amores
607 1784 658 1823 me
680 1783 720 1823 ne
748 1773 841 1841 gestu
866 1761 993 1840 quidem
1019 1762 1113 1823 simul
1134 1762 1230 1821 ambi-

238 1876 354 1925 turum.
639 1878 640 1881 ’

283 1961 371 2022 Nihil
386 1980 437 2021 me
453 1960 599 2039 cuiquam
614 1959 815 2039 proditurum
830 1959 953 2020 secreti.

283 2058 371 2119 Nihil
400 2078 539 2137 unquam
570 2057 661 2117 uxori
689 2058 775 2137 quod
804 2058 843 2117 ad
873 2057 992 2118 cultum
1021 2067 1231 2136 ornatumque
1246 2083 1276 2133 15

240 2156 391 2236 spectarit
407 2167 606 2236 negaturum.

283 2254 408 2336 Ingenii
432 2265 463 2316 et
489 2250 609 2316 formae
635 2264 667 2316 et
691 2254 857 2318 facundiae
882 2255 1008 2317 laudem
1031 2272 1082 2315 me
1107 2251 1233 2314 feminis

240 2354 324 2414 ultro
344 2353 500 2430 daturum,
524 2363 555 2414 et
576 2353 616 2414 ab
634 2353 782 2414 omnibus
804 2353 1046 2415 detrectantium
1068 2351 1234 2414 calumniis

239 2450 479 2512 vindicaturum.

284 2547 420 2627 Suscepi
442 2547 474 2608 in
497 2568 548 2609 me
565 2549 685 2610 lubens
705 2550 821 2625 omnia,
840 2570 946 2630 neque
967 2550 1127 2611 duriorem
1149 2559 1235 2610 certe
1248 2568 1278 2604 ιο

242 2645 457 2708 conditionem
479 2646 570 2708 facile
593 2648 796 2727 respuissem,
820 2648 1004 2710 discedendi
1026 2648 1140 2708 studio.
1187 2647 1235 2708 lta

242 2745 369 2806 vincula
391 2745 564 2805 etiamnum
590 2747 712 2808 calamo
734 2768 806 2808 meo
827 2747 994 2809 scribentis
1016 2747 1130 2807 iniecta
1150 2746 1236 2807 videt

242 2844 350 2917 lector,
368 2853 402 2904 ut
422 2843 529 2904 omnia
548 2845 595 2905 las
616 2864 680 2906 non
701 2845 742 2907 sit
759 2846 837 2906 mihi
852 2846 954 2908 iurato
973 2845 1088 2924 eloqui.
1132 2844 1236 2919 Quae·

242 2941 317 3002 darn
339 2960 405 3000 non
420 2941 504 3002 mala
519 2941 643 3005 licebit:
665 2943 748 3005 mala
763 2965 826 3004 non
842 2944 958 3022 liceret,
975 2944 1025 3005 vel
1041 2943 1187 3004 iniurato,

311 3117 393 3179 Car.
418 3115 481 3177 lll.
527 3115 650 3178 Fonnn
675 3117 855 3178 Reornrurs
878 3136 917 3177 nr
941 3115 1167 3177 Etecrrouun.

285 3263 419 3325 Srnrus
440 3259 518 3322 mihi
543 3262 774 3324 democraticus
793 3264 882 3324 visus
907 3275 955 3325 est
966 3285 974 3340 ;
997 3265 1072 3324 dum
1091 3285 1235 3345 quaeque
1250 3295 1280 3343 25

243 3363 349 3423 studet
364 3361 530 3440 imperare,
542 3360 630 3420 nulla
644 3359 764 3421 subiici.
809 3360 897 3434 Quin
912 3381 954 3420 ne
969 3361 1093 3438 legibus
1108 3363 1236 3441 quidem

242 3481 278 3522 se
300 3459 462 3539 patiuntur
479 3458 641 3519 coerceri:
663 3456 798 3536 publicis
812 3466 934 3518 tanturn
954 3457 1114 3538 suffragiis
1131 3461 1238 3521 omnia

243 3566 448 3638 peraguntur.
502 3554 595 3630 Quae
625 3554 789 3634 quomodo
822 3555 982 3616 ferrentur
1011 3556 1126 3616 mirum
1161 3555 1238 3614 mihi
1276 3589 1279 3591 Δ

243 3643 364 3718 bomini
379 3653 548 3734 peregrino
572 3653 738 3714 videbatur
749 3673 757 3728 ;
781 3672 893 3714 omnes
915 3653 999 3714 enirn
1020 3675 1083 3715 una
1106 3654 1237 3732 loquun-

180 3767 183 3774 ’
243 3764 295 3814 tur
318 3753 446 3814 canoris
468 3750 770 3813 acclamationibus:
794 3750 880 3811 nulla
902 3751 982 3828 silet,
1002 3773 1107 3832 neque
1128 3768 1237 3812 aurem
1251 3779 1282 3826 30

244 3851 335 3912 alteri
351 3851 578 3912 accommodat.
