3142 4575
265 544 338 589 car.
353 524 402 607 vr]
640 525 877 588 CRAPULIA
1123 621 1128 629 1
1222 544 1257 585 11

265 682 326 745 bus
340 682 419 744 forte
437 682 592 745 Romanis
606 682 794 759 didicerunt,
807 682 932 762 integra
945 681 1092 743 animalia
1106 674 1261 742 machinis

265 780 453 861 quibusdam
479 780 654 861 patinariis,
677 781 788 861 quales
816 781 901 861 apud
932 780 1117 843 Petronium
1143 779 1262 859 legisse

265 878 401 955 memini,
426 880 578 941 sudantes
600 878 735 940 ministri
758 888 935 958 apportant
978 878 1064 939 Ante
1086 898 1145 939 sex
1166 877 1279 939 horas¹

266 998 360 1041 nemo
380 977 481 1058 surgit
500 977 570 1039 sine
590 976 715 1057 piaculo
726 998 734 1054 ς
757 976 812 1037 diu
830 976 915 1038 enim
929 986 961 1039 et
979 976 1130 1056 paulatim
1148 975 1262 1037 esitant

266 1077 452 1157 bibuntque,
476 1077 517 1137 ob
543 1077 676 1137 eandem
702 1076 797 1155 plane
826 1095 962 1151 causam,
990 1095 1053 1156 qua
1082 1074 1181 1136 fretus
1210 1073 1291 1148 ille5
1341 1144 1349 1168 ο

266 1175 341 1238 olim
365 1174 596 1236 famosissimus
619 1174 714 1235 heluo
739 1173 856 1235 collum
879 1173 940 1235 sibi
964 1174 1112 1253 gruinum
1136 1183 1263 1253 optasse

267 1272 375 1335 fertur.
422 1271 615 1334 Discedendi
630 1292 707 1335 vero
729 1282 856 1351 tempus
877 1272 938 1333 hoc
958 1272 1053 1333 modo
1071 1270 1263 1333 metiuntur:

268 1370 383 1433 ostium
403 1371 521 1432 habent
542 1370 574 1430 in
597 1368 769 1450 praetorio,
784 1370 862 1432 satis
876 1372 927 1432 vel
949 1369 1145 1450 amplissimo
1166 1368 1262 1430 ieiuni

268 1468 407 1531 hominis
429 1468 590 1530 abdomini
613 1470 891 1544 accommodatum,
908 1488 967 1554 per
986 1467 1078 1529 cuius
1099 1468 1263 1548 angustias

268 1566 385 1629 intrant
400 1567 607 1628 adventantes
623 1567 795 1649 convivae:
817 1567 889 1628 illac
904 1577 1004 1629 tentat
1017 1568 1151 1646 quisque
1166 1565 1264 1627 finitis
1278 1584 1310 1622 ιο

268 1664 332 1727 iam·
346 1664 448 1745 epulis
469 1665 576 1743 exire;
598 1665 626 1727 si
642 1665 759 1742 haeret,
776 1665 930 1727 aliorsum
943 1665 1097 1727 emittitur
1106 1686 1114 1741 ;
1136 1663 1264 1744 quodsi

268 1784 370 1844 aeque
388 1763 479 1827 facile
499 1785 535 1827 ac
554 1765 677 1845 pridem
698 1765 823 1828 ieiunus
843 1766 987 1841 evaserit,
1004 1785 1125 1827 moram
1145 1764 1191 1825 illi
1211 1764 1265 1823 im·

268 1874 359 1942 perat
375 1862 502 1925 Morum
517 1863 680 1944 Magister,
696 1874 727 1926 et
742 1864 955 1926 introductum
970 1865 1075 1926 denuo
1091 1862 1265 1943 quamlibet

269 1960 401 2023 invitum
415 1962 500 2042 cogit
515 1961 722 2038 discumbere,
738 1963 841 2024 donec
856 1963 1004 2025 exeundo
1019 1983 1084 2023 non
1099 1962 1148 2025 sit.

311 2058 434 2123 Hortos
459 2059 501 2120 ibi
527 2060 644 2122 habent
676 2061 845 2122 multorum
870 2060 1012 2141 profecto
1037 2060 1180 2140 iugerum
1207 2060 1265 2122 sed
1281 2078 1310 2129 15
1340 2138 1343 2144 1

269 2158 464 2221 invenustos.
515 2159 552 2219 ln
565 2159 681 2239 quibus
691 2159 809 2221 frustra
816 2180 859 2235 eS,
874 2159 902 2220 si
913 2169 1079 2238 exspectas
1088 2159 1264 2221 areolarum

269 2258 399 2321 nitelam
422 2268 453 2320 et
474 2256 620 2320 ordinem
641 2266 694 2320 aut
715 2257 929 2338 pulcherrima
950 2258 1064 2320 llorum
1084 2256 1265 2337 pigmenta;

270 2356 394 2419 consita
409 2356 460 2417 hic
478 2356 584 2436 potius
602 2376 716 2418 cernes
736 2356 843 2418 omnia
861 2356 1020 2438 raphanis,
1037 2356 1120 2434 alli0,
1136 2356 1265 2438 meloni·

270 2455 338 2532 bus,
355 2474 437 2534 quos
452 2454 525 2516 hinc
541 2455 629 2536 petiit
646 2453 760 2516 lautior
777 2453 878 2517 Italia.

412 2611 474 2668 Illic
492 2611 609 2668 videres
628 2612 731 2668 frutice
750 2612 840 2668 nobili
859 2613 967 2681 caules,
1280 2643 1312 2679 20

412 2699 449 2755 Et
467 2709 623 2772 utrumque
643 2717 773 2772 porrum,
793 2700 974 2772 sessilesque
993 2701 1128 2771 lactucaS,

411 2787 556 2859 Pigroque
575 2787 671 2843 ventri
690 2805 750 2844 non
769 2787 887 2844 inutiles
905 2789 996 2844 betas.

312 2937 378 2999 Sed
394 2947 425 3000 et
443 2935 636 2998 Ptochaeum
657 2935 708 2997 hic
728 2936 890 3016 publicum
910 2948 967 3013 est,
984 2936 1016 2996 in
1031 2957 1096 3017 quo
1111 2947 1266 3017 quotquot

270 3035 453 3114 hydropem,
479 3045 533 3096 aut
557 3036 743 3114 podagram,
764 3047 819 3096 aut
844 3035 1060 3096 asthmaticam
1084 3036 1266 3114 passionem

271 3134 397 3194 edendo
426 3153 462 3195 ac
491 3133 631 3195 bibendo
661 3133 878 3194 contraxerint
905 3135 946 3194 de
974 3133 1100 3212 publico
1120 3135 1264 3196 aluntur.
1281 3165 1312 3213 ²5

271 3231 337 3294 Sed
351 3231 406 3312 qui
420 3232 562 3294 edentuli
577 3231 638 3294 iam
655 3232 726 3293 facti
741 3243 816 3293 sunt
831 3252 907 3311 prae
922 3233 1021 3309 senio,
1033 3232 1085 3293 vel
1101 3233 1268 3295 temeraria

270 3341 301 3393 et
330 3331 456 3394 incauta
484 3329 710 3408 masticatione,
737 3331 770 3391 in
797 3330 989 3392 Sorboniam
1021 3331 1163 3393 Insulam
1192 3333 1268 3394 rele-

269 3441 394 3510 gantur.

313 3527 421 3590 Habet
441 3528 577 3608 quidem,
597 3528 826 3608 mancipiorum
848 3528 956 3605 instar,
976 3549 1092 3592 vernas
1114 3529 1268 3609 plurimos

199 3703 201 3706 Ι
270 3627 404 3706 quisque
430 3627 587 3702 ditiorum,
615 3627 700 3707 agris
727 3628 892 3708 hortisque
922 3628 1068 3690 colendis
1092 3628 1267 3690 vilioribus·
1281 3659 1314 3710 ³0

271 3746 332 3805 que
348 3723 458 3786 officiis
473 3719 642 3804 deputatos
653 3746 661 3802 ;
685 3725 738 3806 qui
756 3737 861 3788 tamen
880 3727 934 3790 ubi
954 3728 994 3790 ad
1014 3727 1129 3788 iustam
1149 3726 1271 3807 magni.

271 3823 413 3884 tudinem
429 3823 632 3902 pervenerint
647 3824 807 3887 donantur
821 3826 975 3890 libertate.
