3142 4575
314 538 355 597 28
499 534 698 622 MUNDUS
726 534 883 597 ALTER
913 535 971 596 ET
1002 535 1117 597 IDEM
1201 533 1308 617 [tim

354 692 454 768 Alter,
491 692 571 755 salso
606 692 754 767 carmine,
793 693 825 752 in
863 684 1026 753 absentem
1061 692 1135 754 lusit
1148 712 1156 768 ;
1195 709 1308 751 omnes

315 791 464 865 numeris,
482 801 516 851 ut
531 790 607 852 mihi
623 791 798 865 videbatur,
815 790 910 869 plane
924 790 1173 852 Anacreonticis.

358 888 497 965 Interim,
528 892 603 952 dum
639 889 716 950 haec
753 888 840 965 fiunt,
870 901 947 970 quot
982 910 1039 952 ora
1066 888 1231 950 hominum
1260 898 1307 951 tot

248 1059 251 1065 ,
315 987 532 1067 discrepantes
561 988 693 1050 affectus
722 989 968 1068 conspexisses:
997 989 1089 1063 hunc,
1115 1008 1193 1067 prae
1221 1006 1309 1049 mero

287 1105 430 1161 5amore,
462 1086 549 1147 socio
582 1087 850 1164 allacrimantem;
887 1088 984 1164 illurn,
1015 1088 1124 1150 oscula
1159 1084 1308 1148 libantem

314 1184 479 1263 proximo;
508 1185 612 1259 alium,
637 1185 669 1245 in
691 1185 775 1246 risus
801 1186 988 1247 immodicos
1016 1186 1173 1263 solutum,
1201 1185 1305 1262 alium,

305 1282 429 1343 'devota
443 1292 558 1359 mente,
577 1283 703 1344 Baccho
718 1284 942 1364 provolutum
970 1284 1078 1361 alium,
1093 1283 1143 1345 cui
1161 1284 1308 1362 poculum
1362 1276 1365 1283 ’

316 1400 381 1441 non
420 1380 514 1442 citius
548 1381 677 1441 allatum
713 1392 772 1459 est,
804 1382 1055 1444 stomachantem
1091 1382 1309 1461 iurantemque

316 1488 450 1541 centena
465 1478 551 1539 milia
564 1478 764 1540 diabolorum
779 1479 967 1559 myriadum.

274 1603 304 1637 ro
355 1576 407 1637 Ab
436 1576 525 1638 initio
550 1587 655 1638 autem
681 1577 826 1653 convivii,
853 1578 1003 1657 quoniam
1026 1578 1069 1640 ita
1093 1578 1215 1639 lubrica
1236 1588 1309 1639 sunt

316 1674 460 1754 plerique
477 1675 631 1736 memoria
650 1685 684 1736 ut
704 1674 799 1736 officii
820 1676 869 1736 sui
891 1675 982 1736 facile
1005 1676 1239 1751 obliviscantur,
1259 1678 1310 1738 ad·

316 1770 399 1832 sidet
434 1772 529 1850 paulo
565 1772 657 1833 altior
692 1772 836 1834 notarius
874 1773 1027 1852 publicus,
1065 1792 1307 1849 nurzmcnnrn,

317 1869 370 1948 qui
384 1869 518 1931 haustus
533 1890 678 1949 quosque
694 1870 725 1931 in
741 1870 876 1933 tabellas
886 1871 972 1932 velut
986 1882 1056 1933 acta
1066 1872 1191 1951 publica
1204 1872 1309 1950 refert,

318 1966 393 2045 quid
415 1967 494 2046 quis,
520 1968 569 2028 cui
593 1969 819 2047 propinaverit,
842 1969 955 2031 sedulo
977 1969 1135 2046 describit,
1160 1969 1310 2049 finitaque

275 2086 304 2135 15
318 2084 405 2142 cena,
422 2053 516 2127 modo
532 2066 604 2145 quis
619 2068 828 2129 auscultando
844 2067 947 2145 fuerit,
963 2068 1091 2130 recitat:

398 2264 600 2343 Trinkenius,
729 2266 844 2328 Bibulo
966 2275 1033 2329 tres
1046 2265 1188 2346 congios

401 2363 552 2440 Drollius,
731 2365 860 2427 Biberio
969 2364 1110 2427 totidem.

398 2461 581 2540 ZaufeniuS,
731 2462 895 2525 Saturioni
968 2462 1160 2525 semicadum
1175 2472 1225 2525 etc

362 2660 505 2724 Perlecto
525 2662 587 2724 iam
608 2661 761 2741 catalogo,
779 2661 1012 2741 clepsydraque
1026 2660 1189 2737 exhausta,
1208 2663 1217 2693 ⁴
1227 2659 1310 2722 Illud

274 2779 395 2822 novero
410 2758 529 2836 unum,’
551 2759 679 2839 inquam
697 2779 766 2839 eg0,
786 2759 898 2839 ‘paulo
912 2758 1127 2820 sollicitiorem
1141 2778 1192 2820 me
1206 2759 1309 2835 habet,

318 2858 372 2938 qui
394 2857 446 2920 isti
467 2858 633 2920 commode
655 2858 834 2919 deducendi
855 2857 919 2919 sint
937 2856 1088 2919 domum'
1132 2856 1258 2918 ‘Facile
1280 2855 1312 2916 id

317 2955 392 3028 fiet,'
421 2957 592 3036 respondet
625 2957 752 3035 hospes
810 2955 929 3017 ‘Vides
957 2955 1051 3016 funes
1079 2955 1152 3016 illos
1186 2954 1240 3034 qui
1267 2963 1312 3015 tot

314 3054 432 3116 ¹ferreis
454 3053 581 3115 annulis
599 3053 668 3115 istic
689 3054 721 3114 in
741 3053 810 3115 foro
828 3054 1024 3133 alligantur?
1069 3051 1141 3114 Hos
1155 3052 1313 3114 cautiores

319 3153 464 3230 ministri,
481 3152 597 3232 quibus
617 3163 691 3213 ante
713 3151 819 3214 finitas
839 3154 950 3232 epulas
971 3152 1119 3232 poculum
1134 3151 1234 3212 libare
1249 3151 1311 3230 pia-

276 3277 307 3325 25
321 3251 391 3314 culo
414 3261 471 3328 est,
487 3251 541 3312 vix
556 3251 650 3313 etiam
672 3250 798 3313 sibimet
812 3251 881 3312 ausi
903 3251 1074 3327 confidere,
1091 3250 1213 3312 foribus
1234 3248 1314 3310 heri-

320 3350 403 3411 libus
419 3349 538 3424 affixos,
553 3368 670 3410 novum
685 3348 844 3410 Ariadnes
858 3348 946 3410 filum
963 3348 1071 3425 secuti,
1086 3359 1170 3409 recta
1184 3348 1312 3408 domum

320 3467 384 3509 una
412 3467 482 3508 cum
512 3467 570 3508 sua
598 3447 730 3507 mandra
759 3445 923 3507 remeant'
969 3446 1053 3508 ‘Sed
1079 3446 1154 3525 quid
1186 3446 1213 3505 si
1242 3445 1313 3525 quis

321 3545 427 3606 funem
444 3545 564 3606 interea
579 3545 711 3606 moverit
729 3543 844 3605 loco?'
888 3543 1027 3605 Subrisit
1042 3543 1111 3616 ille;
1141 3546 1149 3575 ‘
1164 3543 1203 3604 Et
1219 3564 1314 3623 quen·

321 3664 415 3724 quam
440 3653 532 3724 putas
561 3644 620 3705 hoc
651 3642 773 3716 noctis'
800 3642 909 3721 inquit,
935 3642 996 3703 ‘ita
1019 3661 1113 3720 agere
1139 3641 1313 3701 excubias?

278 3763 309 3811 30
325 3741 481 3803 Novimus
510 3752 614 3804 tamen
651 3743 711 3803 hoc
747 3739 861 3801 iactum
892 3739 1071 3819 aliquando.
1115 3739 1197 3799 Tum
1230 3739 1257 3799 is
1283 3749 1314 3798 et

322 3841 451 3900 domum
466 3839 543 3920 petit
558 3851 589 3902 et
604 3859 736 3900 uxorem
752 3857 816 3898 uon
832 3835 943 3898 suam)
