<?xml version="1.0" encoding="UTF-8"?>
<!DOCTYPE html PUBLIC "-//W3C//DTD XHTML 1.0 Transitional//EN"
    "http://www.w3.org/TR/xhtml1/DTD/xhtml1-transitional.dtd">
<html xmlns="http://www.w3.org/1999/xhtml" xml:lang="en" lang="en">
 <head>
  <title>
</title>
<meta http-equiv="Content-Type" content="text/html;charset=utf-8" />
  <meta name='ocr-system' content='tesseract 3.04.00' />
  <meta name='ocr-capabilities' content='ocr_page ocr_carea ocr_par ocr_line ocrx_word'/>
</head>
<body>
  <div class='ocr_page' id='page_1' title='image "./mundusalteretid00andegoog_0058.png"; bbox 0 0 3142 4575; ppageno 0'>
   <div class='ocr_carea' id='block_1_1' title="bbox 445 1106 1023 1192">
    <p class='ocr_par' dir='ltr' id='par_1_1' title="bbox 445 1106 1023 1192">
     <span class='ocr_line' id='line_1_1' title="bbox 445 1106 1023 1192; baseline 0.005 -3"><span class='ocrx_word' id='word_1_1' title='bbox 445 1107 638 1191; x_wconf 90' lang='lat' dir='ltr'>LIBER</span> <span class='ocrx_word' id='word_1_2' title='bbox 676 1106 1023 1192; x_wconf 86' lang='lat' dir='ltr'><strong>SECUNDUS</strong></span> 
     </span>
    </p>
   </div>
   <div class='ocr_carea' id='block_1_2' title="bbox 366 1317 1095 1385">
    <p class='ocr_par' dir='ltr' id='par_1_2' title="bbox 366 1317 1095 1385">
     <span class='ocr_line' id='line_1_2' title="bbox 366 1317 1095 1385; baseline 0.001 -3"><span class='ocrx_word' id='word_1_3' title='bbox 366 1317 628 1383; x_wconf 88' lang='lat' dir='ltr'><strong>VIRAGINIA</strong></span> <span class='ocrx_word' id='word_1_4' title='bbox 652 1317 748 1383; x_wconf 90' lang='lat' dir='ltr'>VEL</span> <span class='ocrx_word' id='word_1_5' title='bbox 774 1318 928 1385; x_wconf 89' lang='lat' dir='ltr'>GYNIA</span> <span class='ocrx_word' id='word_1_6' title='bbox 959 1319 1095 1385; x_wconf 94' lang='lat' dir='ltr'>NOVA</span> 
     </span>
    </p>
   </div>
   <div class='ocr_carea' id='block_1_3' title="bbox 160 1492 1196 1656">
    <p class='ocr_par' dir='ltr' id='par_1_3' title="bbox 160 1492 1196 1656">
     <span class='ocr_line' id='line_1_3' title="bbox 273 1492 1196 1572; baseline 0.009 -18"><span class='ocrx_word' id='word_1_7' title='bbox 273 1493 354 1556; x_wconf 75' lang='lat' dir='ltr'>Cae.</span> <span class='ocrx_word' id='word_1_8' title='bbox 380 1492 405 1557; x_wconf 90' lang='lat'>1.</span> <span class='ocrx_word' id='word_1_9' title='bbox 450 1494 551 1558; x_wconf 88' lang='lat' dir='ltr'>Srrus</span> <span class='ocrx_word' id='word_1_10' title='bbox 573 1494 791 1572; x_wconf 76' lang='lat' dir='ltr'>Vrnnorurnu,</span> <span class='ocrx_word' id='word_1_11' title='bbox 815 1515 990 1569; x_wconf 78' lang='lat' dir='ltr'>uuusoua</span> <span class='ocrx_word' id='word_1_12' title='bbox 1015 1497 1196 1562; x_wconf 78' lang='lat' dir='ltr'>ch1ouus</span> 
     </span>
     <span class='ocr_line' id='line_1_4' title="bbox 160 1588 917 1656; baseline 0.005 -4"><span class='ocrx_word' id='word_1_13' title='bbox 160 1588 163 1593; x_wconf 74' lang='grc'><em>’</em></span> <span class='ocrx_word' id='word_1_14' title='bbox 554 1594 675 1655; x_wconf 76' lang='lat' dir='ltr'>Trana</span> <span class='ocrx_word' id='word_1_15' title='bbox 700 1593 917 1656; x_wconf 81' lang='lat' dir='ltr'>Fsurnnnuu.</span> 
     </span>
    </p>
   </div>
   <div class='ocr_carea' id='block_1_4' title="bbox 239 1741 1234 2019">
    <p class='ocr_par' dir='ltr' id='par_1_4' title="bbox 239 1741 1234 2019">
     <span class='ocr_line' id='line_1_5' title="bbox 280 1741 1233 1823; baseline -0.003 -17"><span class='ocrx_word' id='word_1_16' title='bbox 280 1742 393 1807; x_wconf 71' lang='lat' dir='ltr'>Gunrn</span> <span class='ocrx_word' id='word_1_17' title='bbox 417 1742 528 1821; x_wconf 76' lang='lat' dir='ltr'>Novn,</span> <span class='ocrx_word' id='word_1_18' title='bbox 543 1763 638 1823; x_wconf 88' lang='lat' dir='ltr'>quarn</span> <span class='ocrx_word' id='word_1_19' title='bbox 659 1742 712 1805; x_wconf 91' lang='lat' dir='ltr'>alii</span> <span class='ocrx_word' id='word_1_20' title='bbox 735 1752 884 1821; x_wconf 88' lang='lat' dir='ltr'>corrupta</span> <span class='ocrx_word' id='word_1_21' title='bbox 905 1762 984 1805; x_wconf 86' lang='lat' dir='ltr'>voce</span> <span class='ocrx_word' id='word_1_22' title='bbox 1002 1741 1160 1804; x_wconf 90' lang='lat' dir='ltr'>Guineam</span> <span class='ocrx_word' id='word_1_23' title='bbox 1181 1763 1233 1823; x_wconf 93' lang='lat' dir='ltr'>ap-</span> 
     </span>
     <span class='ocr_line' id='line_1_6' title="bbox 239 1839 1232 1922; baseline -0.003 -20"><span class='ocrx_word' id='word_1_24' title='bbox 239 1841 368 1922; x_wconf 88' lang='lat' dir='ltr'>pellant,</span> <span class='ocrx_word' id='word_1_25' title='bbox 381 1861 441 1921; x_wconf 89' lang='lat' dir='ltr'>ego</span> <span class='ocrx_word' id='word_1_26' title='bbox 455 1860 532 1904; x_wconf 89' lang='lat' dir='ltr'>vero</span> <span class='ocrx_word' id='word_1_27' title='bbox 544 1840 752 1921; x_wconf 86' lang='lat' dir='ltr'>Viraginiam,</span> <span class='ocrx_word' id='word_1_28' title='bbox 766 1839 830 1901; x_wconf 89' lang='lat' dir='ltr'>illic</span> <span class='ocrx_word' id='word_1_29' title='bbox 844 1840 906 1903; x_wconf 88' lang='lat' dir='ltr'>sita</span> <span class='ocrx_word' id='word_1_30' title='bbox 920 1850 977 1915; x_wconf 85' lang='lat' dir='ltr'>est,</span> <span class='ocrx_word' id='word_1_31' title='bbox 989 1841 1042 1901; x_wconf 91' lang='lat' dir='ltr'>ubi</span> <span class='ocrx_word' id='word_1_32' title='bbox 1058 1839 1232 1920; x_wconf 86' lang='lat' dir='ltr'>geographi</span> 
     </span>
     <span class='ocr_line' id='line_1_7' title="bbox 241 1938 1234 2019; baseline -0.002 -19"><span class='ocrx_word' id='word_1_33' title='bbox 241 1938 400 2019; x_wconf 85' lang='lat' dir='ltr'>Europaei</span> <span class='ocrx_word' id='word_1_34' title='bbox 418 1940 628 2002; x_wconf 88' lang='lat' dir='ltr'>Psittacorum</span> <span class='ocrx_word' id='word_1_35' title='bbox 647 1938 780 1999; x_wconf 87' lang='lat' dir='ltr'>Terram</span> <span class='ocrx_word' id='word_1_36' title='bbox 797 1938 983 2018; x_wconf 91' lang='lat' dir='ltr'>depingunt.</span> <span class='ocrx_word' id='word_1_37' title='bbox 1020 1939 1071 2000; x_wconf 92' lang='lat' dir='ltr'>Ab</span> <span class='ocrx_word' id='word_1_38' title='bbox 1086 1938 1234 2018; x_wconf 85' lang='lat' dir='ltr'>aquilone</span> 
     </span>
    </p>
   </div>
   <div class='ocr_carea' id='block_1_5' title="bbox 149 2036 1233 2117">
    <p class='ocr_par' dir='ltr' id='par_1_5' title="bbox 149 2036 1233 2117">
     <span class='ocr_line' id='line_1_8' title="bbox 149 2036 1233 2117; baseline -0.001 -19"><span class='ocrx_word' id='word_1_39' title='bbox 149 2058 153 2065; x_wconf 90' lang='lat'>·</span> <span class='ocrx_word' id='word_1_40' title='bbox 241 2036 420 2117; x_wconf 68' lang='lat' dir='ltr'>Locaniam</span> <span class='ocrx_word' id='word_1_41' title='bbox 448 2037 521 2099; x_wconf 83' lang='lat' dir='ltr'>huic</span> <span class='ocrx_word' id='word_1_42' title='bbox 550 2038 638 2117; x_wconf 84' lang='lat' dir='ltr'>genti</span> <span class='ocrx_word' id='word_1_43' title='bbox 667 2036 926 2113; x_wconf 86' lang='lat' dir='ltr'>inimicissimam,</span> <span class='ocrx_word' id='word_1_44' title='bbox 956 2037 997 2098; x_wconf 94' lang='lat' dir='ltr'>ab</span> <span class='ocrx_word' id='word_1_45' title='bbox 1022 2048 1131 2099; x_wconf 85' lang='lat' dir='ltr'>austro</span> <span class='ocrx_word' id='word_1_46' title='bbox 1159 2037 1233 2097; x_wconf 89' lang='lat' dir='ltr'>Fru-</span> 
     </span>
    </p>
   </div>
   <div class='ocr_carea' id='block_1_6' title="bbox 238 2134 1281 3496">
    <p class='ocr_par' dir='ltr' id='par_1_6' title="bbox 238 2134 1276 2316">
     <span class='ocr_line' id='line_1_9' title="bbox 238 2134 1276 2220; baseline 0.002 -24"><span class='ocrx_word' id='word_1_47' title='bbox 238 2136 379 2217; x_wconf 90' lang='lat' dir='ltr'>gionam,</span> <span class='ocrx_word' id='word_1_48' title='bbox 408 2138 448 2199; x_wconf 91' lang='lat' dir='ltr'>ab</span> <span class='ocrx_word' id='word_1_49' title='bbox 480 2134 603 2198; x_wconf 90' lang='lat' dir='ltr'>oriente</span> <span class='ocrx_word' id='word_1_50' title='bbox 634 2134 815 2198; x_wconf 90' lang='lat' dir='ltr'>Moroniam</span> <span class='ocrx_word' id='word_1_51' title='bbox 847 2134 999 2197; x_wconf 90' lang='lat' dir='ltr'>Mobilem</span> <span class='ocrx_word' id='word_1_52' title='bbox 1033 2147 1064 2197; x_wconf 89' lang='lat' dir='ltr'>et</span> <span class='ocrx_word' id='word_1_53' title='bbox 1096 2136 1233 2198; x_wconf 87' lang='lat' dir='ltr'>Felicem</span> <span class='ocrx_word' id='word_1_54' title='bbox 1263 2172 1276 2220; x_wconf 86' lang='lat'><strong>5</strong></span> 
     </span>
     <span class='ocr_line' id='line_1_10' title="bbox 239 2234 373 2316; baseline 0.022 -21"><span class='ocrx_word' id='word_1_55' title='bbox 239 2234 373 2316; x_wconf 88' lang='lat' dir='ltr'>attingit.</span> 
     </span>
    </p>

    <p class='ocr_par' dir='ltr' id='par_1_7' title="bbox 280 2332 922 2415">
     <span class='ocr_line' id='line_1_11' title="bbox 280 2332 922 2415; baseline -0.005 -19"><span class='ocrx_word' id='word_1_56' title='bbox 280 2333 383 2396; x_wconf 89' lang='lat' dir='ltr'>Terra</span> <span class='ocrx_word' id='word_1_57' title='bbox 397 2332 539 2415; x_wconf 86' lang='lat' dir='ltr'>prolecto</span> <span class='ocrx_word' id='word_1_58' title='bbox 554 2333 642 2397; x_wconf 88' lang='lat' dir='ltr'>serax</span> <span class='ocrx_word' id='word_1_59' title='bbox 657 2335 716 2396; x_wconf 92' lang='lat' dir='ltr'>sed</span> <span class='ocrx_word' id='word_1_60' title='bbox 731 2333 814 2396; x_wconf 90' lang='lat' dir='ltr'>male</span> <span class='ocrx_word' id='word_1_61' title='bbox 829 2333 922 2396; x_wconf 88' lang='lat' dir='ltr'>culta.</span> 
     </span>
    </p>

    <p class='ocr_par' dir='ltr' id='par_1_8' title="bbox 239 2429 1280 2710">
     <span class='ocr_line' id='line_1_12' title="bbox 283 2429 1235 2513; baseline 0.001 -21"><span class='ocrx_word' id='word_1_62' title='bbox 283 2431 448 2512; x_wconf 86' lang='lat' dir='ltr'>Regiones</span> <span class='ocrx_word' id='word_1_63' title='bbox 469 2433 529 2494; x_wconf 91' lang='lat' dir='ltr'>sub</span> <span class='ocrx_word' id='word_1_64' title='bbox 551 2453 586 2495; x_wconf 91' lang='lat' dir='ltr'>se</span> <span class='ocrx_word' id='word_1_65' title='bbox 603 2432 719 2494; x_wconf 89' lang='lat' dir='ltr'>multas</span> <span class='ocrx_word' id='word_1_66' title='bbox 738 2429 925 2512; x_wconf 88' lang='lat' dir='ltr'>amplasque</span> <span class='ocrx_word' id='word_1_67' title='bbox 939 2432 1088 2510; x_wconf 87' lang='lat' dir='ltr'>continet,</span> <span class='ocrx_word' id='word_1_68' title='bbox 1105 2433 1235 2513; x_wconf 90' lang='lat' dir='ltr'>ingenio</span> 
     </span>
     <span class='ocr_line' id='line_1_13' title="bbox 239 2530 1234 2612; baseline 0.002 -20"><span class='ocrx_word' id='word_1_69' title='bbox 239 2530 333 2592; x_wconf 90' lang='lat' dir='ltr'>simul</span> <span class='ocrx_word' id='word_1_70' title='bbox 363 2541 395 2593; x_wconf 92' lang='lat' dir='ltr'>et</span> <span class='ocrx_word' id='word_1_71' title='bbox 426 2531 568 2594; x_wconf 91' lang='lat' dir='ltr'>moribus</span> <span class='ocrx_word' id='word_1_72' title='bbox 596 2532 689 2594; x_wconf 87' lang='lat' dir='ltr'>valde</span> <span class='ocrx_word' id='word_1_73' title='bbox 718 2531 779 2593; x_wconf 91' lang='lat' dir='ltr'>sibi</span> <span class='ocrx_word' id='word_1_74' title='bbox 807 2531 967 2593; x_wconf 89' lang='lat' dir='ltr'>dissonas.</span> <span class='ocrx_word' id='word_1_75' title='bbox 1014 2530 1137 2592; x_wconf 90' lang='lat' dir='ltr'>Harum</span> <span class='ocrx_word' id='word_1_76' title='bbox 1173 2553 1234 2612; x_wconf 89' lang='lat' dir='ltr'>ego</span> 
     </span>
     <span class='ocr_line' id='line_1_14' title="bbox 240 2629 1280 2710; baseline 0.004 -20"><span class='ocrx_word' id='word_1_77' title='bbox 240 2630 394 2708; x_wconf 85' lang='lat' dir='ltr'>quasdam</span> <span class='ocrx_word' id='word_1_78' title='bbox 409 2629 578 2710; x_wconf 86' lang='lat' dir='ltr'>peragravi</span> <span class='ocrx_word' id='word_1_79' title='bbox 592 2631 687 2710; x_wconf 91' lang='lat' dir='ltr'>plane</span> <span class='ocrx_word' id='word_1_80' title='bbox 702 2629 919 2691; x_wconf 80' lang='lat' dir='ltr'>invitissimus</span> <span class='ocrx_word' id='word_1_81' title='bbox 1250 2659 1280 2694; x_wconf 94' lang='lat'>10</span> 
     </span>
    </p>

    <p class='ocr_par' dir='ltr' id='par_1_9' title="bbox 239 2727 1233 2906">
     <span class='ocr_line' id='line_1_15' title="bbox 281 2727 1233 2809; baseline 0.001 -20"><span class='ocrx_word' id='word_1_82' title='bbox 281 2727 421 2808; x_wconf 89' lang='lat' dir='ltr'>Superat</span> <span class='ocrx_word' id='word_1_83' title='bbox 454 2727 595 2808; x_wconf 89' lang='lat' dir='ltr'>reliquas</span> <span class='ocrx_word' id='word_1_84' title='bbox 629 2728 815 2809; x_wconf 89' lang='lat' dir='ltr'>longissime</span> <span class='ocrx_word' id='word_1_85' title='bbox 846 2727 1073 2806; x_wconf 88' lang='lat' dir='ltr'>Linguadocia,</span> <span class='ocrx_word' id='word_1_86' title='bbox 1105 2728 1137 2788; x_wconf 91' lang='lat' dir='ltr'>in</span> <span class='ocrx_word' id='word_1_87' title='bbox 1171 2749 1233 2808; x_wconf 90' lang='lat' dir='ltr'>qua</span> 
     </span>
     <span class='ocr_line' id='line_1_16' title="bbox 239 2812 843 2906; baseline 0.003 -20"><span class='ocrx_word' id='word_1_88' title='bbox 239 2825 394 2906; x_wconf 87' lang='lat' dir='ltr'>plurimae</span> <span class='ocrx_word' id='word_1_89' title='bbox 409 2836 483 2888; x_wconf 88' lang='lat' dir='ltr'>sunt</span> <span class='ocrx_word' id='word_1_90' title='bbox 496 2827 593 2890; x_wconf 89' lang='lat' dir='ltr'>urbes</span> <span class='ocrx_word' id='word_1_91' title='bbox 607 2812 843 2889; x_wconf 83' lang='lat' dir='ltr'>celeberrimae.</span> 
     </span>
    </p>

    <p class='ocr_par' dir='ltr' id='par_1_10' title="bbox 239 2923 1281 3200">
     <span class='ocr_line' id='line_1_17' title="bbox 281 2923 1234 3004; baseline -0.002 -18"><span class='ocrx_word' id='word_1_92' title='bbox 281 2923 348 2986; x_wconf 83' lang='lat' dir='ltr'>Sed</span> <span class='ocrx_word' id='word_1_93' title='bbox 376 2924 496 3004; x_wconf 86' lang='lat' dir='ltr'>primas</span> <span class='ocrx_word' id='word_1_94' title='bbox 522 2925 647 2986; x_wconf 90' lang='lat' dir='ltr'>urbium</span> <span class='ocrx_word' id='word_1_95' title='bbox 677 2935 708 2986; x_wconf 91' lang='lat' dir='ltr'>et</span> <span class='ocrx_word' id='word_1_96' title='bbox 735 2924 973 3004; x_wconf 89' lang='lat' dir='ltr'>Linguadociae</span> <span class='ocrx_word' id='word_1_97' title='bbox 996 2934 1028 2986; x_wconf 90' lang='lat' dir='ltr'>et</span> <span class='ocrx_word' id='word_1_98' title='bbox 1050 2923 1234 3003; x_wconf 90' lang='lat' dir='ltr'>Viraginiae</span> 
     </span>
     <span class='ocr_line' id='line_1_18' title="bbox 239 3020 1234 3104; baseline -0.001 -21"><span class='ocrx_word' id='word_1_99' title='bbox 239 3020 337 3083; x_wconf 89' lang='lat' dir='ltr'>totius</span> <span class='ocrx_word' id='word_1_100' title='bbox 357 3021 496 3085; x_wconf 90' lang='lat' dir='ltr'>vindicat</span> <span class='ocrx_word' id='word_1_101' title='bbox 518 3034 667 3104; x_wconf 88' lang='lat' dir='ltr'>tenetque</span> <span class='ocrx_word' id='word_1_102' title='bbox 687 3021 934 3103; x_wconf 87' lang='lat' dir='ltr'>Gynaecopolis,</span> <span class='ocrx_word' id='word_1_103' title='bbox 956 3023 1010 3086; x_wconf 90' lang='lat' dir='ltr'>ubi</span> <span class='ocrx_word' id='word_1_104' title='bbox 1032 3041 1094 3101; x_wconf 86' lang='lat' dir='ltr'>ego</span> <span class='ocrx_word' id='word_1_105' title='bbox 1116 3021 1234 3082; x_wconf 92' lang='lat' dir='ltr'>diutius</span> 
     </span>
     <span class='ocr_line' id='line_1_19' title="bbox 240 3120 1281 3200; baseline -0.004 -19"><span class='ocrx_word' id='word_1_106' title='bbox 240 3140 334 3200; x_wconf 88' lang='lat' dir='ltr'>quam</span> <span class='ocrx_word' id='word_1_107' title='bbox 349 3120 464 3183; x_wconf 89' lang='lat' dir='ltr'>vellem</span> <span class='ocrx_word' id='word_1_108' title='bbox 480 3133 692 3184; x_wconf 90' lang='lat' dir='ltr'>commoratus</span> <span class='ocrx_word' id='word_1_109' title='bbox 706 3142 785 3184; x_wconf 89' lang='lat' dir='ltr'>sum.</span> <span class='ocrx_word' id='word_1_110' title='bbox 1250 3142 1281 3190; x_wconf 84' lang='lat'>15</span> 
     </span>
    </p>

    <p class='ocr_par' dir='ltr' id='par_1_11' title="bbox 240 3216 1235 3496">
     <span class='ocr_line' id='line_1_20' title="bbox 281 3216 1234 3298; baseline -0.001 -20"><span class='ocrx_word' id='word_1_111' title='bbox 281 3216 370 3292; x_wconf 81' lang='lat' dir='ltr'>Quid</span> <span class='ocrx_word' id='word_1_112' title='bbox 392 3237 469 3298; x_wconf 89' lang='lat' dir='ltr'>ergo</span> <span class='ocrx_word' id='word_1_113' title='bbox 491 3219 532 3280; x_wconf 91' lang='lat' dir='ltr'>de</span> <span class='ocrx_word' id='word_1_114' title='bbox 553 3239 604 3280; x_wconf 91' lang='lat' dir='ltr'>me</span> <span class='ocrx_word' id='word_1_115' title='bbox 627 3217 667 3280; x_wconf 90' lang='lat' dir='ltr'>sit</span> <span class='ocrx_word' id='word_1_116' title='bbox 691 3218 817 3295; x_wconf 84' lang='lat' dir='ltr'>lactum,</span> <span class='ocrx_word' id='word_1_117' title='bbox 840 3217 995 3297; x_wconf 89' lang='lat' dir='ltr'>imprimis</span> <span class='ocrx_word' id='word_1_118' title='bbox 1018 3216 1171 3290; x_wconf 83' lang='lat' dir='ltr'>referam3</span> <span class='ocrx_word' id='word_1_119' title='bbox 1198 3237 1234 3277; x_wconf 91' lang='lat' dir='ltr'>ac</span> 
     </span>
     <span class='ocr_line' id='line_1_21' title="bbox 240 3315 1235 3398; baseline -0.004 -19"><span class='ocrx_word' id='word_1_120' title='bbox 240 3317 323 3393; x_wconf 88' lang='lat' dir='ltr'>dein,</span> <span class='ocrx_word' id='word_1_121' title='bbox 348 3337 430 3398; x_wconf 88' lang='lat' dir='ltr'>quae</span> <span class='ocrx_word' id='word_1_122' title='bbox 458 3318 499 3380; x_wconf 93' lang='lat' dir='ltr'>de</span> <span class='ocrx_word' id='word_1_123' title='bbox 527 3337 610 3379; x_wconf 90' lang='lat' dir='ltr'>nova</span> <span class='ocrx_word' id='word_1_124' title='bbox 637 3325 733 3396; x_wconf 90' lang='lat' dir='ltr'>gente</span> <span class='ocrx_word' id='word_1_125' title='bbox 762 3316 899 3377; x_wconf 87' lang='lat' dir='ltr'>dicenda</span> <span class='ocrx_word' id='word_1_126' title='bbox 926 3316 998 3392; x_wconf 89' lang='lat' dir='ltr'>sint,</span> <span class='ocrx_word' id='word_1_127' title='bbox 1023 3315 1136 3377; x_wconf 88' lang='lat' dir='ltr'>ordine</span> <span class='ocrx_word' id='word_1_128' title='bbox 1163 3335 1235 3376; x_wconf 90' lang='lat' dir='ltr'>meo</span> 
     </span>
     <span class='ocr_line' id='line_1_22' title="bbox 240 3434 426 3496; baseline 0 -19"><span class='ocrx_word' id='word_1_129' title='bbox 240 3434 426 3496; x_wconf 88' lang='lat' dir='ltr'>prosequar.</span> 
     </span>
    </p>
   </div>
   <div class='ocr_carea' id='block_1_7' title="bbox 281 3594 1193 3673">
    <p class='ocr_par' dir='ltr' id='par_1_12' title="bbox 281 3594 1193 3673">
     <span class='ocr_line' id='line_1_23' title="bbox 281 3594 1193 3673; baseline -0.003 -12"><span class='ocrx_word' id='word_1_130' title='bbox 281 3597 363 3661; x_wconf 73' lang='lat' dir='ltr'>Car.</span> <span class='ocrx_word' id='word_1_131' title='bbox 389 3597 431 3661; x_wconf 92' lang='lat' dir='ltr'>ll.</span> <span class='ocrx_word' id='word_1_132' title='bbox 478 3597 570 3673; x_wconf 83' lang='lat' dir='ltr'>Qum</span> <span class='ocrx_word' id='word_1_133' title='bbox 593 3614 668 3658; x_wconf 80' lang='lat' dir='ltr'>uun</span> <span class='ocrx_word' id='word_1_134' title='bbox 692 3613 825 3656; x_wconf 78' lang='lat' dir='ltr'>rneruu</span> <span class='ocrx_word' id='word_1_135' title='bbox 848 3614 871 3657; x_wconf 77' lang='lat' dir='ltr'>A</span> <span class='ocrx_word' id='word_1_136' title='bbox 893 3594 1193 3660; x_wconf 76' lang='lat' dir='ltr'>Guuarcorourrrs</span> 
     </span>
    </p>
   </div>
   <div class='ocr_carea' id='block_1_8' title="bbox 111 3725 1281 3908">
    <p class='ocr_par' dir='ltr' id='par_1_13' title="bbox 111 3725 1281 3908">
     <span class='ocr_line' id='line_1_24' title="bbox 111 3725 1235 3810; baseline -0.002 -18"><span class='ocrx_word' id='word_1_137' title='bbox 111 3763 115 3770; x_wconf 92' lang='lat'>·</span> <span class='ocrx_word' id='word_1_138' title='bbox 211 3725 213 3728; x_wconf 63' lang='grc'><strong>’</strong></span> <span class='ocrx_word' id='word_1_139' title='bbox 282 3730 360 3792; x_wconf 88' lang='lat' dir='ltr'>Cun</span> <span class='ocrx_word' id='word_1_140' title='bbox 376 3729 512 3810; x_wconf 90' lang='lat' dir='ltr'>primum</span> <span class='ocrx_word' id='word_1_141' title='bbox 532 3748 583 3791; x_wconf 91' lang='lat' dir='ltr'>me</span> <span class='ocrx_word' id='word_1_142' title='bbox 604 3729 704 3790; x_wconf 90' lang='lat' dir='ltr'>durae</span> <span class='ocrx_word' id='word_1_143' title='bbox 721 3726 904 3808; x_wconf 82' lang='lat' dir='ltr'>victricese</span> <span class='ocrx_word' id='word_1_144' title='bbox 927 3727 1096 3805; x_wconf 71' lang='lat' dir='ltr'>Locanicis</span> <span class='ocrx_word' id='word_1_145' title='bbox 1118 3727 1235 3790; x_wconf 88' lang='lat' dir='ltr'>finibus</span> 
     </span>
     <span class='ocr_line' id='line_1_25' title="bbox 242 3824 1281 3908; baseline 0 -20"><span class='ocrx_word' id='word_1_146' title='bbox 242 3838 367 3908; x_wconf 91' lang='lat' dir='ltr'>raptum</span> <span class='ocrx_word' id='word_1_147' title='bbox 394 3827 426 3888; x_wconf 94' lang='lat' dir='ltr'>in</span> <span class='ocrx_word' id='word_1_148' title='bbox 450 3825 552 3888; x_wconf 85' lang='lat' dir='ltr'>sorum</span> <span class='ocrx_word' id='word_1_149' title='bbox 576 3825 795 3901; x_wconf 82' lang='lat' dir='ltr'>deduxissent,</span> <span class='ocrx_word' id='word_1_150' title='bbox 821 3825 1039 3904; x_wconf 92' lang='lat' dir='ltr'>campanulam</span> <span class='ocrx_word' id='word_1_151' title='bbox 1062 3824 1147 3888; x_wconf 93' lang='lat' dir='ltr'>illico</span> <span class='ocrx_word' id='word_1_152' title='bbox 1169 3825 1233 3905; x_wconf 85' lang='lat' dir='ltr'>pul·</span> <span class='ocrx_word' id='word_1_153' title='bbox 1250 3854 1281 3889; x_wconf 65' lang='grc' dir='ltr'>ιο</span> 
     </span>
    </p>
   </div>
   <div class='ocr_carea' id='block_1_9' title="bbox 0 0 1580 4575">
    <p class='ocr_par' dir='ltr' id='par_1_14' title="bbox 0 0 1580 4575">
     <span class='ocr_line' id='line_1_26' title="bbox 0 0 1580 4575; baseline 0 0"><span class='ocrx_word' id='word_1_154' title='bbox 0 0 1580 4575; x_wconf 95' lang='lat' dir='ltr'> </span> 
     </span>
    </p>
   </div>
  </div>
 </body>
</html>
