<?xml version="1.0" encoding="UTF-8"?>
<!DOCTYPE html PUBLIC "-//W3C//DTD XHTML 1.0 Transitional//EN"
    "http://www.w3.org/TR/xhtml1/DTD/xhtml1-transitional.dtd">
<html xmlns="http://www.w3.org/1999/xhtml" xml:lang="en" lang="en">
 <head>
  <title>
</title>
<meta http-equiv="Content-Type" content="text/html;charset=utf-8" />
  <meta name='ocr-system' content='tesseract 3.04.00' />
  <meta name='ocr-capabilities' content='ocr_page ocr_carea ocr_par ocr_line ocrx_word'/>
</head>
<body>
  <div class='ocr_page' id='page_1' title='image "./mundusalteretid00andegoog_0087.png"; bbox 0 0 3142 4575; ppageno 0'>
   <div class='ocr_carea' id='block_1_1' title="bbox 327 503 1322 609">
    <p class='ocr_par' dir='ltr' id='par_1_1' title="bbox 327 503 1322 609">
     <span class='ocr_line' id='line_1_1' title="bbox 327 503 1322 609; baseline 0.001 -23"><span class='ocrx_word' id='word_1_1' title='bbox 327 529 368 587; x_wconf 78' lang='lat' dir='ltr'><strong>oa</strong></span> <span class='ocrx_word' id='word_1_2' title='bbox 511 524 712 589; x_wconf 83' lang='lat' dir='ltr'><strong>nunnus</strong></span> <span class='ocrx_word' id='word_1_3' title='bbox 741 503 898 587; x_wconf 72' lang='lat' dir='ltr'><strong>hiran</strong></span> <span class='ocrx_word' id='word_1_4' title='bbox 929 524 987 586; x_wconf 78' lang='lat' dir='ltr'><strong>er</strong></span> <span class='ocrx_word' id='word_1_5' title='bbox 1018 525 1135 587; x_wconf 76' lang='lat' dir='ltr'><strong>man</strong></span> <span class='ocrx_word' id='word_1_6' title='bbox 1194 527 1270 609; x_wconf 69' lang='lat' dir='ltr'><strong>[rm.</strong></span> <span class='ocrx_word' id='word_1_7' title='bbox 1286 547 1322 587; x_wconf 86' lang='lat'><strong>111</strong></span> 
     </span>
    </p>
   </div>
   <div class='ocr_carea' id='block_1_2' title="bbox 327 682 1323 1090">
    <p class='ocr_par' dir='ltr' id='par_1_2' title="bbox 327 682 1323 1059">
     <span class='ocr_line' id='line_1_2' title="bbox 328 682 1321 795; baseline 0.001 -50"><span class='ocrx_word' id='word_1_8' title='bbox 328 682 419 760; x_wconf 87' lang='lat' dir='ltr'><strong>facili,</strong></span> <span class='ocrx_word' id='word_1_9' title='bbox 439 684 537 762; x_wconf 84' lang='lat' dir='ltr'><strong>gravi,</strong></span> <span class='ocrx_word' id='word_1_10' title='bbox 559 684 715 795; x_wconf 86' lang='lat' dir='ltr'><strong>altiusque</strong></span> <span class='ocrx_word' id='word_1_11' title='bbox 737 683 855 762; x_wconf 91' lang='lat' dir='ltr'><strong>petitae</strong></span> <span class='ocrx_word' id='word_1_12' title='bbox 874 684 1072 747; x_wconf 88' lang='lat' dir='ltr'><strong>sententiae:</strong></span> <span class='ocrx_word' id='word_1_13' title='bbox 1097 695 1131 747; x_wconf 93' lang='lat' dir='ltr'><strong>ut</strong></span> <span class='ocrx_word' id='word_1_14' title='bbox 1153 685 1215 747; x_wconf 91' lang='lat' dir='ltr'><strong>iam</strong></span> <span class='ocrx_word' id='word_1_15' title='bbox 1236 686 1321 748; x_wconf 92' lang='lat' dir='ltr'><strong>dein·</strong></span> 
     </span>
     <span class='ocr_line' id='line_1_3' title="bbox 327 782 1322 863; baseline 0.003 -21"><span class='ocrx_word' id='word_1_16' title='bbox 327 802 402 861; x_wconf 83' lang='lat' dir='ltr'><strong>ceps</strong></span> <span class='ocrx_word' id='word_1_17' title='bbox 421 782 540 862; x_wconf 88' lang='lat' dir='ltr'>hospes</span> <span class='ocrx_word' id='word_1_18' title='bbox 560 782 712 862; x_wconf 88' lang='lat' dir='ltr'><strong>quisquis,</strong></span> <span class='ocrx_word' id='word_1_19' title='bbox 729 801 801 845; x_wconf 89' lang='lat' dir='ltr'><strong>mea</strong></span> <span class='ocrx_word' id='word_1_20' title='bbox 820 791 949 845; x_wconf 89' lang='lat' dir='ltr'><strong>secutus</strong></span> <span class='ocrx_word' id='word_1_21' title='bbox 967 782 1111 863; x_wconf 86' lang='lat' dir='ltr'><strong>vestigia,</strong></span> <span class='ocrx_word' id='word_1_22' title='bbox 1130 782 1187 844; x_wconf 91' lang='lat' dir='ltr'><strong>illo</strong></span> <span class='ocrx_word' id='word_1_23' title='bbox 1207 782 1271 846; x_wconf 88' lang='lat' dir='ltr'><strong>eris</strong></span> <span class='ocrx_word' id='word_1_24' title='bbox 1289 784 1322 845; x_wconf 91' lang='lat' dir='ltr'><strong>in</strong></span> 
     </span>
     <span class='ocr_line' id='line_1_4' title="bbox 327 879 1323 1007; baseline 0.002 -66"><span class='ocrx_word' id='word_1_25' title='bbox 327 890 489 960; x_wconf 90' lang='lat' dir='ltr'><strong>posterum</strong></span> <span class='ocrx_word' id='word_1_26' title='bbox 512 880 741 975; x_wconf 83' lang='lat' dir='ltr'><strong>peregrinatus,</strong></span> <span class='ocrx_word' id='word_1_27' title='bbox 767 880 878 942; x_wconf 89' lang='lat' dir='ltr'><strong>urbem</strong></span> <span class='ocrx_word' id='word_1_28' title='bbox 902 879 949 943; x_wconf 91' lang='lat' dir='ltr'><strong>sis</strong></span> <span class='ocrx_word' id='word_1_29' title='bbox 974 880 1070 962; x_wconf 92' lang='lat' dir='ltr'><strong>longe</strong></span> <span class='ocrx_word' id='word_1_30' title='bbox 1094 880 1323 1007; x_wconf 84' lang='lat' dir='ltr'><strong>elegantiorem</strong></span> 
     </span>
     <span class='ocr_line' id='line_1_5' title="bbox 327 977 737 1090; baseline 0 -51"><span class='ocrx_word' id='word_1_31' title='bbox 327 977 576 1059; x_wconf 90' lang='lat' dir='ltr'><strong>cultioremque</strong></span> <span class='ocrx_word' id='word_1_32' title='bbox 568 978 737 1090; x_wconf 78' lang='lat' dir='ltr'><strong>invisurus</strong></span> 
     </span>
    </p>
   </div>
   <div class='ocr_carea' id='block_1_3' title="bbox 551 1166 1084 1249">
    <p class='ocr_par' dir='ltr' id='par_1_3' title="bbox 551 1166 1084 1249">
     <span class='ocr_line' id='line_1_6' title="bbox 551 1166 1084 1249; baseline 0.008 -20.116"><span class='ocrx_word' id='word_1_33' title='bbox 551 1166 661 1231; x_wconf 76' lang='lat' dir='ltr'><strong>Sacc.</strong></span> <span class='ocrx_word' id='word_1_34' title='bbox 684 1186 713 1249; x_wconf 86' lang='lat'><strong>5.</strong></span> <span class='ocrx_word' id='word_1_35' title='bbox 758 1166 900 1232; x_wconf 72' lang='lat' dir='ltr'><strong>Sausms</strong></span> <span class='ocrx_word' id='word_1_36' title='bbox 920 1168 1084 1233; x_wconf 74' lang='lat' dir='ltr'><strong>Tanarus</strong></span> 
     </span>
    </p>
   </div>
   <div class='ocr_carea' id='block_1_4' title="bbox 202 1316 1381 3270">
    <p class='ocr_par' dir='ltr' id='par_1_4' title="bbox 299 1316 1322 1590">
     <span class='ocr_line' id='line_1_7' title="bbox 299 1316 1322 1400; baseline -0.002 -19"><span class='ocrx_word' id='word_1_37' title='bbox 299 1345 313 1395; x_wconf 83' lang='lat'><strong>5</strong></span> <span class='ocrx_word' id='word_1_38' title='bbox 368 1318 509 1382; x_wconf 77' lang='lat' dir='ltr'><strong>Spasrus</strong></span> <span class='ocrx_word' id='word_1_39' title='bbox 519 1317 655 1379; x_wconf 89' lang='lat' dir='ltr'><strong>Tractus</strong></span> <span class='ocrx_word' id='word_1_40' title='bbox 666 1317 739 1379; x_wconf 92' lang='lat' dir='ltr'><strong>huic</strong></span> <span class='ocrx_word' id='word_1_41' title='bbox 754 1316 1188 1392; x_wconf 80' lang='lat' dir='ltr'><strong>adiacetolimditissimus;</strong></span> <span class='ocrx_word' id='word_1_42' title='bbox 1210 1318 1322 1400; x_wconf 88' lang='lat' dir='ltr'><strong>inquo</strong></span> 
     </span>
     <span class='ocr_line' id='line_1_8' title="bbox 326 1413 1322 1496; baseline 0.001 -19"><span class='ocrx_word' id='word_1_43' title='bbox 326 1416 371 1478; x_wconf 92' lang='lat' dir='ltr'><strong>nil</strong></span> <span class='ocrx_word' id='word_1_44' title='bbox 392 1416 519 1480; x_wconf 88' lang='lat' dir='ltr'>celebre</span> <span class='ocrx_word' id='word_1_45' title='bbox 533 1414 607 1492; x_wconf 88' lang='lat' dir='ltr'><strong>vidi,</strong></span> <span class='ocrx_word' id='word_1_46' title='bbox 624 1426 752 1496; x_wconf 91' lang='lat' dir='ltr'><strong>praeter</strong></span> <span class='ocrx_word' id='word_1_47' title='bbox 774 1413 898 1477; x_wconf 88' lang='lat' dir='ltr'><strong>Saltum</strong></span> <span class='ocrx_word' id='word_1_48' title='bbox 917 1415 1135 1493; x_wconf 84' lang='lat' dir='ltr'><strong>Actaeonium,</strong></span> <span class='ocrx_word' id='word_1_49' title='bbox 1159 1416 1322 1481; x_wconf 87' lang='lat' dir='ltr'><strong>Cubaeam</strong></span> 
     </span>
     <span class='ocr_line' id='line_1_9' title="bbox 325 1512 1289 1590; baseline 0 -15"><span class='ocrx_word' id='word_1_50' title='bbox 325 1514 446 1590; x_wconf 88' lang='lat' dir='ltr'><strong>urbem,</strong></span> <span class='ocrx_word' id='word_1_51' title='bbox 462 1523 494 1575; x_wconf 94' lang='lat' dir='ltr'><strong>et</strong></span> <span class='ocrx_word' id='word_1_52' title='bbox 510 1512 672 1575; x_wconf 87' lang='lat' dir='ltr'><strong>Milanam.</strong></span> <span class='ocrx_word' id='word_1_53' title='bbox 1287 1542 1289 1546; x_wconf 94' lang='lat'>·</span> 
     </span>
    </p>

    <p class='ocr_par' dir='ltr' id='par_1_5' title="bbox 325 1610 1322 1793">
     <span class='ocr_line' id='line_1_10' title="bbox 368 1610 1321 1694; baseline 0.005 -22"><span class='ocrx_word' id='word_1_54' title='bbox 368 1610 496 1674; x_wconf 91' lang='lat' dir='ltr'><strong>Incolae</strong></span> <span class='ocrx_word' id='word_1_55' title='bbox 523 1612 679 1674; x_wconf 90' lang='lat' dir='ltr'><strong>bonorum</strong></span> <span class='ocrx_word' id='word_1_56' title='bbox 714 1621 800 1675; x_wconf 92' lang='lat' dir='ltr'><strong>certe</strong></span> <span class='ocrx_word' id='word_1_57' title='bbox 835 1632 949 1675; x_wconf 93' lang='lat' dir='ltr'><strong>omnes</strong></span> <span class='ocrx_word' id='word_1_58' title='bbox 983 1614 1195 1694; x_wconf 87' lang='lat' dir='ltr'><strong>profusissimi</strong></span> <span class='ocrx_word' id='word_1_59' title='bbox 1227 1625 1321 1693; x_wconf 88' lang='lat' dir='ltr'><strong>sunt;</strong></span> 
     </span>
     <span class='ocr_line' id='line_1_11' title="bbox 325 1709 1322 1793; baseline 0.003 -22"><span class='ocrx_word' id='word_1_60' title='bbox 325 1710 456 1790; x_wconf 89' lang='lat' dir='ltr'><strong>viasque</strong></span> <span class='ocrx_word' id='word_1_61' title='bbox 478 1710 659 1789; x_wconf 86' lang='lat' dir='ltr'><strong>excogitant</strong></span> <span class='ocrx_word' id='word_1_62' title='bbox 685 1710 835 1790; x_wconf 92' lang='lat' dir='ltr'><strong>quicquid</strong></span> <span class='ocrx_word' id='word_1_63' title='bbox 858 1709 977 1773; x_wconf 92' lang='lat' dir='ltr'><strong>habent</strong></span> <span class='ocrx_word' id='word_1_64' title='bbox 998 1712 1197 1792; x_wconf 89' lang='lat' dir='ltr'><strong>ingeniosius</strong></span> <span class='ocrx_word' id='word_1_65' title='bbox 1218 1713 1322 1793; x_wconf 91' lang='lat' dir='ltr'><strong>prodi·</strong></span> 
     </span>
    </p>

    <p class='ocr_par' dir='ltr' id='par_1_6' title="bbox 202 1806 1322 1891">
     <span class='ocr_line' id='line_1_12' title="bbox 202 1806 1322 1891; baseline 0.007 -28"><span class='ocrx_word' id='word_1_66' title='bbox 202 1848 205 1854; x_wconf 85' lang='lat'>.</span> <span class='ocrx_word' id='word_1_67' title='bbox 283 1807 442 1888; x_wconf 78' lang='lat' dir='ltr'><strong>regendi:</strong></span> <span class='ocrx_word' id='word_1_68' title='bbox 473 1807 602 1888; x_wconf 89' lang='lat' dir='ltr'><strong>quidam</strong></span> <span class='ocrx_word' id='word_1_69' title='bbox 624 1806 708 1869; x_wconf 90' lang='lat' dir='ltr'><strong>enim</strong></span> <span class='ocrx_word' id='word_1_70' title='bbox 730 1807 801 1869; x_wconf 91' lang='lat' dir='ltr'><strong>cani</strong></span> <span class='ocrx_word' id='word_1_71' title='bbox 830 1808 985 1885; x_wconf 89' lang='lat' dir='ltr'><strong>venatico,</strong></span> <span class='ocrx_word' id='word_1_72' title='bbox 1007 1809 1060 1870; x_wconf 88' lang='lat' dir='ltr'><strong>alii</strong></span> <span class='ocrx_word' id='word_1_73' title='bbox 1081 1830 1161 1873; x_wconf 91' lang='lat' dir='ltr'><strong>vero</strong></span> <span class='ocrx_word' id='word_1_74' title='bbox 1180 1809 1322 1891; x_wconf 90' lang='lat' dir='ltr'><strong>accipitri</strong></span> 
     </span>
    </p>

    <p class='ocr_par' dir='ltr' id='par_1_7' title="bbox 325 1905 1323 2185">
     <span class='ocr_line' id='line_1_13' title="bbox 326 1905 1323 1989; baseline 0.002 -21"><span class='ocrx_word' id='word_1_75' title='bbox 326 1915 381 1968; x_wconf 91' lang='lat' dir='ltr'><strong>aut</strong></span> <span class='ocrx_word' id='word_1_76' title='bbox 407 1905 513 1982; x_wconf 89' lang='lat' dir='ltr'><strong>milvo,</strong></span> <span class='ocrx_word' id='word_1_77' title='bbox 543 1905 596 1967; x_wconf 89' lang='lat' dir='ltr'><strong>alii</strong></span> <span class='ocrx_word' id='word_1_78' title='bbox 624 1906 706 1967; x_wconf 92' lang='lat' dir='ltr'><strong>cubo</strong></span> <span class='ocrx_word' id='word_1_79' title='bbox 730 1906 873 1968; x_wconf 91' lang='lat' dir='ltr'><strong>eburneo</strong></span> <span class='ocrx_word' id='word_1_80' title='bbox 896 1907 1068 1970; x_wconf 86' lang='lat' dir='ltr'><strong>chartaeve</strong></span> <span class='ocrx_word' id='word_1_81' title='bbox 1089 1908 1194 1989; x_wconf 87' lang='lat' dir='ltr'><strong>pictae</strong></span> <span class='ocrx_word' id='word_1_82' title='bbox 1217 1908 1323 1988; x_wconf 90' lang='lat' dir='ltr'><strong>ampla</strong></span> 
     </span>
     <span class='ocr_line' id='line_1_14' title="bbox 325 2002 1319 2087; baseline 0.001 -21"><span class='ocrx_word' id='word_1_83' title='bbox 325 2005 488 2067; x_wconf 90' lang='lat' dir='ltr'><strong>insumunt</strong></span> <span class='ocrx_word' id='word_1_84' title='bbox 512 2002 720 2085; x_wconf 91' lang='lat' dir='ltr'><strong>patrimonia:</strong></span> <span class='ocrx_word' id='word_1_85' title='bbox 751 2003 849 2065; x_wconf 94' lang='lat' dir='ltr'><strong>immo</strong></span> <span class='ocrx_word' id='word_1_86' title='bbox 872 2003 927 2067; x_wconf 91' lang='lat' dir='ltr'><strong>ubi</strong></span> <span class='ocrx_word' id='word_1_87' title='bbox 951 2005 1021 2068; x_wconf 91' lang='lat' dir='ltr'><strong>sola</strong></span> <span class='ocrx_word' id='word_1_88' title='bbox 1045 2007 1144 2069; x_wconf 92' lang='lat' dir='ltr'><strong>vestis</strong></span> <span class='ocrx_word' id='word_1_89' title='bbox 1171 2005 1319 2087; x_wconf 83' lang='lat' dir='ltr'><strong>suppetit,</strong></span> 
     </span>
     <span class='ocr_line' id='line_1_15' title="bbox 326 2100 1321 2185; baseline 0 -20"><span class='ocrx_word' id='word_1_90' title='bbox 326 2102 409 2166; x_wconf 91' lang='lat' dir='ltr'><strong>hanc</strong></span> <span class='ocrx_word' id='word_1_91' title='bbox 425 2103 477 2166; x_wconf 91' lang='lat' dir='ltr'><strong>vel</strong></span> <span class='ocrx_word' id='word_1_92' title='bbox 498 2102 610 2166; x_wconf 87' lang='lat' dir='ltr'><strong>hastae</strong></span> <span class='ocrx_word' id='word_1_93' title='bbox 631 2100 802 2165; x_wconf 90' lang='lat' dir='ltr'><strong>subiiciunt</strong></span> <span class='ocrx_word' id='word_1_94' title='bbox 815 2102 872 2163; x_wconf 86' lang='lat' dir='ltr'><strong>-vel</strong></span> <span class='ocrx_word' id='word_1_95' title='bbox 892 2104 1057 2183; x_wconf 91' lang='lat' dir='ltr'><strong>deponunt</strong></span> <span class='ocrx_word' id='word_1_96' title='bbox 1074 2104 1271 2185; x_wconf 90' lang='lat' dir='ltr'><strong>collybistae,</strong></span> <span class='ocrx_word' id='word_1_97' title='bbox 1286 2114 1321 2167; x_wconf 91' lang='lat' dir='ltr'><strong>ut</strong></span> 
     </span>
    </p>

    <p class='ocr_par' dir='ltr' id='par_1_8' title="bbox 270 2200 1381 2383">
     <span class='ocr_line' id='line_1_16' title="bbox 270 2200 1381 2283; baseline 0.003 -21"><span class='ocrx_word' id='word_1_98' title='bbox 270 2208 273 2215; x_wconf 83' lang='grc'>’</span> <span class='ocrx_word' id='word_1_99' title='bbox 326 2200 463 2264; x_wconf 89' lang='lat' dir='ltr'><strong>habeant</strong></span> <span class='ocrx_word' id='word_1_100' title='bbox 477 2221 540 2283; x_wconf 93' lang='lat' dir='ltr'><strong>quo</strong></span> <span class='ocrx_word' id='word_1_101' title='bbox 553 2201 748 2281; x_wconf 89' lang='lat' dir='ltr'><strong>voluptatem</strong></span> <span class='ocrx_word' id='word_1_102' title='bbox 762 2218 853 2261; x_wconf 90' lang='lat' dir='ltr'><strong>suam</strong></span> <span class='ocrx_word' id='word_1_103' title='bbox 867 2200 1051 2263; x_wconf 88' lang='lat' dir='ltr'><strong>instructius</strong></span> <span class='ocrx_word' id='word_1_104' title='bbox 1065 2201 1282 2283; x_wconf 89' lang='lat' dir='ltr'><strong>insequantur.</strong></span> <span class='ocrx_word' id='word_1_105' title='bbox 1376 2274 1381 2282; x_wconf 51' lang='grc'><strong><em>,</em></strong></span> 
     </span>
     <span class='ocr_line' id='line_1_17' title="bbox 284 2297 1321 2383; baseline -0.004 -17"><span class='ocrx_word' id='word_1_106' title='bbox 284 2315 315 2366; x_wconf 83' lang='lat'><strong>15</strong></span> <span class='ocrx_word' id='word_1_107' title='bbox 369 2301 434 2364; x_wconf 90' lang='lat' dir='ltr'><strong>Sed</strong></span> <span class='ocrx_word' id='word_1_108' title='bbox 446 2301 535 2383; x_wconf 90' lang='lat' dir='ltr'><strong>regio</strong></span> <span class='ocrx_word' id='word_1_109' title='bbox 548 2301 625 2362; x_wconf 88' lang='lat' dir='ltr'><strong>haec</strong></span> <span class='ocrx_word' id='word_1_110' title='bbox 640 2320 715 2362; x_wconf 91' lang='lat' dir='ltr'><strong>num</strong></span> <span class='ocrx_word' id='word_1_111' title='bbox 731 2299 771 2362; x_wconf 93' lang='lat' dir='ltr'><strong>ad</strong></span> <span class='ocrx_word' id='word_1_112' title='bbox 785 2297 918 2362; x_wconf 73' lang='lat' dir='ltr'><strong>fatuam</strong></span> <span class='ocrx_word' id='word_1_113' title='bbox 929 2299 1110 2362; x_wconf 90' lang='lat' dir='ltr'><strong>Moroniam</strong></span> <span class='ocrx_word' id='word_1_114' title='bbox 1125 2321 1167 2362; x_wconf 91' lang='lat' dir='ltr'><strong>an</strong></span> <span class='ocrx_word' id='word_1_115' title='bbox 1182 2300 1321 2365; x_wconf 87' lang='lat' dir='ltr'><strong>Felicem</strong></span> 
     </span>
    </p>

    <p class='ocr_par' dir='ltr' id='par_1_9' title="bbox 241 2397 961 2480">
     <span class='ocr_line' id='line_1_18' title="bbox 241 2397 961 2480; baseline 0.001 -21"><span class='ocrx_word' id='word_1_116' title='bbox 241 2455 243 2459; x_wconf 87' lang='lat'>.</span> <span class='ocrx_word' id='word_1_117' title='bbox 327 2399 482 2480; x_wconf 88' lang='lat' dir='ltr'><strong>pertineat</strong></span> <span class='ocrx_word' id='word_1_118' title='bbox 496 2399 573 2461; x_wconf 90' lang='lat' dir='ltr'><strong>mihi</strong></span> <span class='ocrx_word' id='word_1_119' title='bbox 588 2399 717 2479; x_wconf 92' lang='lat' dir='ltr'><strong>quidem</strong></span> <span class='ocrx_word' id='word_1_120' title='bbox 733 2397 888 2460; x_wconf 88' lang='lat' dir='ltr'><strong>incertum</strong></span> <span class='ocrx_word' id='word_1_121' title='bbox 903 2409 961 2460; x_wconf 90' lang='lat' dir='ltr'><strong>est.</strong></span> 
     </span>
    </p>

    <p class='ocr_par' dir='ltr' id='par_1_10' title="bbox 284 2495 1322 3270">
     <span class='ocr_line' id='line_1_19' title="bbox 369 2495 1322 2578; baseline 0.002 -18"><span class='ocrx_word' id='word_1_122' title='bbox 369 2497 433 2560; x_wconf 94' lang='lat' dir='ltr'><strong>Ubi</strong></span> <span class='ocrx_word' id='word_1_123' title='bbox 448 2497 526 2560; x_wconf 92' lang='lat' dir='ltr'><strong>nihil</strong></span> <span class='ocrx_word' id='word_1_124' title='bbox 543 2507 697 2578; x_wconf 90' lang='lat' dir='ltr'><strong>superest,</strong></span> <span class='ocrx_word' id='word_1_125' title='bbox 714 2496 764 2559; x_wconf 92' lang='lat' dir='ltr'><strong>vel</strong></span> <span class='ocrx_word' id='word_1_126' title='bbox 786 2495 918 2576; x_wconf 84' lang='lat' dir='ltr'><strong>quadris</strong></span> <span class='ocrx_word' id='word_1_127' title='bbox 931 2495 1073 2561; x_wconf 85' lang='lat' dir='ltr'><strong>victitant</strong></span> <span class='ocrx_word' id='word_1_128' title='bbox 1086 2498 1199 2563; x_wconf 91' lang='lat' dir='ltr'><strong>alienis</strong></span> <span class='ocrx_word' id='word_1_129' title='bbox 1214 2500 1322 2564; x_wconf 87' lang='lat' dir='ltr'><strong>uelde</strong></span> 
     </span>
     <span class='ocr_line' id='line_1_20' title="bbox 325 2595 725 2678; baseline -0.003 -20"><span class='ocrx_word' id='word_1_130' title='bbox 325 2597 452 2678; x_wconf 90' lang='lat' dir='ltr'><strong>publico</strong></span> <span class='ocrx_word' id='word_1_131' title='bbox 465 2597 574 2660; x_wconf 86' lang='lat' dir='ltr'><strong>forsan</strong></span> <span class='ocrx_word' id='word_1_132' title='bbox 589 2595 725 2658; x_wconf 82' lang='lat' dir='ltr'><strong>aluntun</strong></span> 
     </span>
     <span class='ocr_line' id='line_1_21' title="bbox 368 2693 1322 2778; baseline 0.002 -20"><span class='ocrx_word' id='word_1_133' title='bbox 368 2695 437 2758; x_wconf 92' lang='lat' dir='ltr'><strong>Illic</strong></span> <span class='ocrx_word' id='word_1_134' title='bbox 458 2705 608 2776; x_wconf 88' lang='lat' dir='ltr'><strong>parentes</strong></span> <span class='ocrx_word' id='word_1_135' title='bbox 629 2693 757 2772; x_wconf 88' lang='lat' dir='ltr'><strong>nostris,</strong></span> <span class='ocrx_word' id='word_1_136' title='bbox 773 2705 808 2758; x_wconf 91' lang='lat' dir='ltr'><strong>ut</strong></span> <span class='ocrx_word' id='word_1_137' title='bbox 824 2695 958 2771; x_wconf 87' lang='lat' dir='ltr'><strong>videtur,</strong></span> <span class='ocrx_word' id='word_1_138' title='bbox 975 2697 1227 2778; x_wconf 87' lang='lat' dir='ltr'><strong>indulgentiores</strong></span> <span class='ocrx_word' id='word_1_139' title='bbox 1247 2697 1322 2760; x_wconf 90' lang='lat' dir='ltr'><strong>filiis</strong></span> 
     </span>
     <span class='ocr_line' id='line_1_22' title="bbox 284 2792 1322 2875; baseline -0.002 -15"><span class='ocrx_word' id='word_1_140' title='bbox 284 2824 315 2860; x_wconf 66' lang='grc' dir='ltr'><strong>πο</strong></span> <span class='ocrx_word' id='word_1_141' title='bbox 327 2795 381 2856; x_wconf 87' lang='lat' dir='ltr'><strong>vix</strong></span> <span class='ocrx_word' id='word_1_142' title='bbox 398 2793 612 2861; x_wconf 85' lang='lat' dir='ltr'><strong>dumadultis</strong></span> <span class='ocrx_word' id='word_1_143' title='bbox 632 2792 791 2874; x_wconf 89' lang='lat' dir='ltr'><strong>integrum</strong></span> <span class='ocrx_word' id='word_1_144' title='bbox 810 2793 1005 2861; x_wconf 86' lang='lat' dir='ltr'><strong>demandant</strong></span> <span class='ocrx_word' id='word_1_145' title='bbox 1026 2795 1249 2875; x_wconf 90' lang='lat' dir='ltr'><strong>patrimonium</strong></span> <span class='ocrx_word' id='word_1_146' title='bbox 1259 2817 1269 2873; x_wconf 79' lang='lat'><em>3</em></span> <span class='ocrx_word' id='word_1_147' title='bbox 1290 2805 1322 2858; x_wconf 89' lang='lat' dir='ltr'><strong>et</strong></span> 
     </span>
     <span class='ocr_line' id='line_1_23' title="bbox 327 2891 1322 2973; baseline 0.003 -18"><span class='ocrx_word' id='word_1_148' title='bbox 327 2893 506 2956; x_wconf 90' lang='lat' dir='ltr'><strong>moribundi</strong></span> <span class='ocrx_word' id='word_1_149' title='bbox 534 2892 687 2956; x_wconf 87' lang='lat' dir='ltr'><strong>uxoribus</strong></span> <span class='ocrx_word' id='word_1_150' title='bbox 722 2891 866 2973; x_wconf 88' lang='lat' dir='ltr'><strong>plerique</strong></span> <span class='ocrx_word' id='word_1_151' title='bbox 900 2913 967 2955; x_wconf 90' lang='lat' dir='ltr'><strong>rem</strong></span> <span class='ocrx_word' id='word_1_152' title='bbox 997 2904 1096 2956; x_wconf 91' lang='lat' dir='ltr'><strong>totam</strong></span> <span class='ocrx_word' id='word_1_153' title='bbox 1124 2893 1322 2971; x_wconf 88' lang='lat' dir='ltr'><strong>familiarem,</strong></span> 
     </span>
     <span class='ocr_line' id='line_1_24' title="bbox 326 2991 1321 3073; baseline -0.001 -19"><span class='ocrx_word' id='word_1_154' title='bbox 326 3012 430 3072; x_wconf 86' lang='lat' dir='ltr'><strong>agros,</strong></span> <span class='ocrx_word' id='word_1_155' title='bbox 446 2991 683 3073; x_wconf 87' lang='lat' dir='ltr'><strong>supellectilem,</strong></span> <span class='ocrx_word' id='word_1_156' title='bbox 700 2991 845 3070; x_wconf 89' lang='lat' dir='ltr'><strong>neglecta</strong></span> <span class='ocrx_word' id='word_1_157' title='bbox 858 2992 949 3072; x_wconf 88' lang='lat' dir='ltr'><strong>prole</strong></span> <span class='ocrx_word' id='word_1_158' title='bbox 962 2992 1070 3072; x_wconf 87' lang='lat' dir='ltr'><strong>legare</strong></span> <span class='ocrx_word' id='word_1_159' title='bbox 1089 2991 1214 3057; x_wconf 86' lang='lat' dir='ltr'><strong>solent:</strong></span> <span class='ocrx_word' id='word_1_160' title='bbox 1235 2993 1321 3072; x_wconf 90' lang='lat' dir='ltr'><strong>quod</strong></span> 
     </span>
     <span class='ocr_line' id='line_1_25' title="bbox 326 3088 1322 3170; baseline -0.002 -18"><span class='ocrx_word' id='word_1_161' title='bbox 326 3090 354 3152; x_wconf 93' lang='lat' dir='ltr'><strong>si</strong></span> <span class='ocrx_word' id='word_1_162' title='bbox 369 3089 442 3152; x_wconf 90' lang='lat' dir='ltr'><strong>illae</strong></span> <span class='ocrx_word' id='word_1_163' title='bbox 456 3090 520 3152; x_wconf 91' lang='lat' dir='ltr'><strong>vita</strong></span> <span class='ocrx_word' id='word_1_164' title='bbox 533 3089 658 3170; x_wconf 91' lang='lat' dir='ltr'><strong>priores</strong></span> <span class='ocrx_word' id='word_1_165' title='bbox 680 3089 883 3166; x_wconf 87' lang='lat' dir='ltr'><strong>excesserint,</strong></span> <span class='ocrx_word' id='word_1_166' title='bbox 899 3099 1021 3152; x_wconf 92' lang='lat' dir='ltr'><strong>tantum</strong></span> <span class='ocrx_word' id='word_1_167' title='bbox 1041 3089 1205 3151; x_wconf 91' lang='lat' dir='ltr'><strong>insumunt</strong></span> <span class='ocrx_word' id='word_1_168' title='bbox 1218 3088 1322 3151; x_wconf 91' lang='lat' dir='ltr'><strong>funeri</strong></span> 
     </span>
     <span class='ocr_line' id='line_1_26' title="bbox 327 3185 986 3270; baseline 0 -20"><span class='ocrx_word' id='word_1_169' title='bbox 327 3197 478 3270; x_wconf 89' lang='lat' dir='ltr'><strong>quantum</strong></span> <span class='ocrx_word' id='word_1_170' title='bbox 492 3185 576 3248; x_wconf 90' lang='lat' dir='ltr'><strong>filiae</strong></span> <span class='ocrx_word' id='word_1_171' title='bbox 590 3186 795 3250; x_wconf 89' lang='lat' dir='ltr'><strong>collocandae</strong></span> <span class='ocrx_word' id='word_1_172' title='bbox 809 3187 986 3250; x_wconf 89' lang='lat' dir='ltr'><strong>inserviret.</strong></span> 
     </span>
    </p>
   </div>
   <div class='ocr_carea' id='block_1_5' title="bbox 582 3386 1050 3453">
    <p class='ocr_par' dir='ltr' id='par_1_11' title="bbox 582 3386 1050 3453">
     <span class='ocr_line' id='line_1_27' title="bbox 582 3386 1050 3453; baseline -0.004 -1"><span class='ocrx_word' id='word_1_173' title='bbox 582 3387 679 3453; x_wconf 78' lang='lat' dir='ltr'><strong>Secr.</strong></span> <span class='ocrx_word' id='word_1_174' title='bbox 700 3391 730 3451; x_wconf 89' lang='lat'><strong>6.</strong></span> <span class='ocrx_word' id='word_1_175' title='bbox 775 3386 936 3451; x_wconf 77' lang='lat' dir='ltr'><strong>Lrsomca</strong></span> <span class='ocrx_word' id='word_1_176' title='bbox 957 3386 1050 3450; x_wconf 81' lang='lat' dir='ltr'><strong>Geus</strong></span> 
     </span>
    </p>
   </div>
   <div class='ocr_carea' id='block_1_6' title="bbox 284 3531 1321 3910">
    <p class='ocr_par' dir='ltr' id='par_1_12' title="bbox 284 3531 1321 3910">
     <span class='ocr_line' id='line_1_28' title="bbox 284 3531 1320 3624; baseline -0.012 -16"><span class='ocrx_word' id='word_1_177' title='bbox 284 3573 317 3624; x_wconf 82' lang='lat'><strong>²5</strong></span> <span class='ocrx_word' id='word_1_178' title='bbox 371 3541 443 3604; x_wconf 81' lang='lat' dir='ltr'><strong>PRo</strong></span> <span class='ocrx_word' id='word_1_179' title='bbox 455 3537 613 3602; x_wconf 90' lang='lat' dir='ltr'><strong>vestibulo</strong></span> <span class='ocrx_word' id='word_1_180' title='bbox 630 3531 745 3600; x_wconf 86' lang='lat' dir='ltr'><strong>Felicis</strong></span> <span class='ocrx_word' id='word_1_181' title='bbox 762 3535 929 3598; x_wconf 88' lang='lat' dir='ltr'><strong>Moroniae</strong></span> <span class='ocrx_word' id='word_1_182' title='bbox 951 3536 1041 3598; x_wconf 91' lang='lat' dir='ltr'><strong>sedet</strong></span> <span class='ocrx_word' id='word_1_183' title='bbox 1056 3535 1146 3598; x_wconf 89' lang='lat' dir='ltr'><strong>Gens</strong></span> <span class='ocrx_word' id='word_1_184' title='bbox 1162 3533 1320 3608; x_wconf 86' lang='lat' dir='ltr'><strong>Lisonica,</strong></span> 
     </span>
     <span class='ocr_line' id='line_1_29' title="bbox 329 3633 1318 3718; baseline -0.01 -17"><span class='ocrx_word' id='word_1_185' title='bbox 329 3641 467 3702; x_wconf 92' lang='lat' dir='ltr'><strong>omnium</strong></span> <span class='ocrx_word' id='word_1_186' title='bbox 490 3657 570 3718; x_wconf 90' lang='lat' dir='ltr'><strong>quas</strong></span> <span class='ocrx_word' id='word_1_187' title='bbox 593 3636 658 3699; x_wconf 93' lang='lat' dir='ltr'><strong>vidi</strong></span> <span class='ocrx_word' id='word_1_188' title='bbox 683 3635 977 3716; x_wconf 88' lang='lat' dir='ltr'><strong>prodigiosissima;</strong></span> <span class='ocrx_word' id='word_1_189' title='bbox 1004 3633 1135 3709; x_wconf 87' lang='lat' dir='ltr'><strong>bifrons,</strong></span> <span class='ocrx_word' id='word_1_190' title='bbox 1159 3633 1318 3712; x_wconf 87' lang='lat' dir='ltr'><strong>bilinguis,</strong></span> 
     </span>
     <span class='ocr_line' id='line_1_30' title="bbox 328 3732 1321 3816; baseline -0.01 -16"><span class='ocrx_word' id='word_1_191' title='bbox 328 3759 368 3800; x_wconf 88' lang='lat' dir='ltr'><strong>ex</strong></span> <span class='ocrx_word' id='word_1_192' title='bbox 390 3737 493 3799; x_wconf 90' lang='lat' dir='ltr'><strong>antica</strong></span> <span class='ocrx_word' id='word_1_193' title='bbox 517 3746 606 3816; x_wconf 88' lang='lat' dir='ltr'><strong>parte</strong></span> <span class='ocrx_word' id='word_1_194' title='bbox 628 3735 751 3796; x_wconf 91' lang='lat' dir='ltr'><strong>simiam</strong></span> <span class='ocrx_word' id='word_1_195' title='bbox 772 3733 895 3813; x_wconf 86' lang='lat' dir='ltr'><strong>postica</strong></span> <span class='ocrx_word' id='word_1_196' title='bbox 915 3752 1025 3794; x_wconf 89' lang='lat' dir='ltr'><strong>canem</strong></span> <span class='ocrx_word' id='word_1_197' title='bbox 1047 3732 1200 3806; x_wconf 90' lang='lat' dir='ltr'><strong>referens,</strong></span> <span class='ocrx_word' id='word_1_198' title='bbox 1222 3741 1257 3792; x_wconf 92' lang='lat' dir='ltr'><strong>ut</strong></span> <span class='ocrx_word' id='word_1_199' title='bbox 1280 3749 1321 3791; x_wconf 89' lang='lat' dir='ltr'><strong>ex</strong></span> 
     </span>
     <span class='ocr_line' id='line_1_31' title="bbox 295 3826 1117 3910; baseline -0.01 -10"><span class='ocrx_word' id='word_1_200' title='bbox 295 3897 297 3901; x_wconf 87' lang='grc'>,</span> <span class='ocrx_word' id='word_1_201' title='bbox 328 3835 463 3910; x_wconf 90' lang='lat' dir='ltr'><strong>homine,</strong></span> <span class='ocrx_word' id='word_1_202' title='bbox 484 3853 573 3908; x_wconf 90' lang='lat' dir='ltr'><strong>cane,</strong></span> <span class='ocrx_word' id='word_1_203' title='bbox 589 3831 679 3893; x_wconf 91' lang='lat' dir='ltr'><strong>simia</strong></span> <span class='ocrx_word' id='word_1_204' title='bbox 694 3841 760 3891; x_wconf 89' lang='lat' dir='ltr'><strong>tota</strong></span> <span class='ocrx_word' id='word_1_205' title='bbox 774 3828 950 3908; x_wconf 87' lang='lat' dir='ltr'><strong>composita</strong></span> <span class='ocrx_word' id='word_1_206' title='bbox 964 3826 1117 3893; x_wconf 81' lang='lat' dir='ltr'><strong>uideatur.</strong></span> 
     </span>
    </p>
   </div>
   <div class='ocr_carea' id='block_1_7' title="bbox 0 0 1576 4575">
    <p class='ocr_par' dir='ltr' id='par_1_13' title="bbox 0 0 1576 4575">
     <span class='ocr_line' id='line_1_32' title="bbox 0 0 1576 4575; baseline 0 0"><span class='ocrx_word' id='word_1_207' title='bbox 0 0 1576 4575; x_wconf 95' lang='lat' dir='ltr'><strong> </strong></span> 
     </span>
    </p>
   </div>
  </div>
 </body>
</html>
