3142 4575
238 614 309 657 cnr.
327 592 365 678 11]
614 593 855 658 LAVERNIA
1190 596 1232 676 85

239 750 374 811 victores
399 750 571 825 reduxerit,
594 749 680 828 quod
701 759 808 811 tamen
830 748 885 810 alii
906 749 1076 829 baptizatis
1096 750 1233 811 incanta·

238 848 342 929 tisque
377 848 502 911 vexillis
540 848 715 911 Moronicis
751 859 914 929 acceptum
950 847 1070 911 referre
1102 849 1232 912 malunt.

239 946 370 1026 Insigne
391 946 480 1008 urbis
497 946 605 1008 vultur
626 956 683 1022 est,
704 948 786 1008 inter
802 947 973 1008 volandum
995 965 1139 1025 pascens,
1162 965 1233 1008 cum

237 1046 335 1106 verbo
353 1043 475 1107 ‘Fruor
489 1065 548 1107 nec
564 1044 716 1125 quiesc0.'

280 1144 318 1205 ln
347 1154 394 1206 tot
416 1144 705 1224 paludinosissimis
728 1144 841 1207 insulis
866 1155 897 1207 et
923 1155 986 1207 tarn
1012 1143 1077 1206 lato
1102 1144 1261 1212 flumineo

238 1240 291 1302 vix
322 1241 546 1303 domunculam
579 1262 701 1320 cernes,
731 1254 784 1305 aut
819 1244 972 1323 cymbam,
1003 1241 1117 1322 partim
1147 1241 1232 1321 quod

239 1338 272 1399 in
296 1339 409 1400 mediis
436 1340 635 1402 arundinetis
660 1343 787 1421 (nempe
811 1350 958 1402 crescunt
983 1339 1035 1402 hic
1060 1339 1234 1402 arundines

241 1434 361 1499 Indicis
389 1437 450 1499 illis
478 1458 559 1519 quas
587 1458 684 1517 saepe
711 1438 849 1500 vidimus
877 1439 1013 1514 altiores
1041 1458 1101 1500 nec
1128 1438 1234 1501 minus

152 1536 157 1542 '
238 1536 399 1613 robustae)
414 1536 523 1597 nidum
539 1538 674 1617 quisque
689 1537 748 1599 sibi
764 1558 800 1599 ac
816 1537 883 1599 suis
897 1537 1016 1599 mavult
1032 1538 1231 1615 concinnare,

239 1634 352 1713 partim
380 1636 465 1715 quod
487 1636 529 1696 ob
551 1635 785 1715 proximitatem
809 1636 869 1697 loci
883 1656 965 1716 gens
986 1635 1047 1698 ista
1069 1655 1140 1695 curn
1164 1634 1232 1695 Mo·
1249 1661 1278 1695 ιο

239 1732 328 1793 ronis
356 1733 545 1814 plerumque
573 1733 732 1811 miscetur,
762 1754 898 1818 quorum
930 1754 1008 1796 sane
1040 1753 1135 1794 nemo
1169 1752 1233 1794 non

239 1842 348 1892 natare
370 1832 488 1893 mavult
510 1852 604 1912 quam
623 1832 796 1913 navigare:
824 1833 911 1894 unde
929 1831 963 1893 fit
983 1841 1017 1893 ut
1034 1831 1233 1893 brachiorum

240 1929 371 2009 remigia
392 1940 455 1992 tam
478 1930 611 1993 daedale
632 1941 766 1993 tractare
786 1931 903 2007 norint,
920 1929 1082 1992 dimidiam
1103 1939 1137 1990 ut
1151 1929 1234 1991 vitae

239 2036 370 2105 partem,
390 2029 475 2108 quod
498 2030 539 2091 de
560 2030 720 2092 crocodilo
742 2028 804 2091 dici
827 2028 917 2104 solet,
940 2028 972 2087 in
994 2027 1085 2107 aquis
1106 2029 1233 2108 degant,

241 2135 409 2206 motusque
433 2128 600 2190 velocitate
624 2148 694 2189 cum
718 2127 892 2190 celerrimis
915 2126 1043 2206 quidem
1065 2125 1161 2187 remis
1182 2145 1235 2186 au·
1249 2155 1279 2204 15

240 2223 336 2285 deant
351 2227 555 2292 contendere.

282 2321 328 2383 Hi
354 2325 460 2387 nautis
481 2325 747 2388 formidabiliores
772 2335 848 2387 sunt
869 2342 963 2405 quam
989 2321 1106 2384 nautici
1132 2320 1235 2402 quivis

239 2420 370 2500 piratae.
415 2422 593 2504 Improviso
626 2424 709 2486 enirn
743 2423 847 2486 navim
880 2431 1102 2501 assequuntur,
1134 2439 1234 2481 remo·

240 2540 339 2600 raque
369 2520 492 2584 firmius
527 2523 738 2584 adhaerentes
773 2521 920 2597 retinent,
950 2531 982 2582 et
1010 2520 1061 2581 vel
1093 2527 1234 2580 retentae

241 2620 370 2680 dorsum
391 2619 554 2699 perforant
573 2631 607 2683 ut
622 2641 703 2701 aqua
717 2621 947 2699 submergatur,
964 2618 1014 2679 vel
1029 2617 1148 2697 impetu
1162 2617 1233 2678 sub·
1247 2637 1279 2672 20

241 2727 374 2794 vertunt,
391 2719 442 2780 vel
457 2719 595 2800 denique
610 2718 751 2800 scopulis
765 2717 908 2780 allidunt.

342 2891 423 2955 Car.
449 2892 506 2956 lV.
551 2893 638 2972 Quis
661 2912 736 2954 nrm
759 2911 890 2953 Annus.
937 2889 1123 2952 Hnnrrmr

281 3031 352 3094 Sao
374 3031 444 3112 quis
465 3032 543 3093 mihi
565 3033 627 3094 huc
648 3033 753 3094 aditus
774 3031 913 3112 patuerit
934 3041 988 3092 aut
1007 3050 1089 3110 quae
1106 3031 1234 3092 tandem

206 3192 208 3198 ,
241 3130 458 3214 commorandi
484 3130 612 3193 licentia
638 3130 734 3193 fuerit
759 3149 913 3192 concessa
938 3128 1102 3189 mirabitur
1126 3129 1232 3204 lector,

241 3249 300 3290 nec
332 3229 439 3291 credet
472 3240 525 3291 aut
555 3250 736 3310 quenquam
765 3248 863 3291 sanae
891 3227 1007 3289 mentis
1038 3226 1234 3290 committere

241 3338 342 3390 semet
366 3347 479 3389 ausum
503 3339 566 3390 tam
592 3327 721 3389 immani
746 3326 866 3408 populo
889 3336 944 3388 aut
972 3324 1162 3388 incolumem
1182 3326 1234 3388 de·
1249 3346 1279 3398 25

240 3446 326 3486 inum
341 3425 485 3488 rediisse.

284 3524 446 3606 Intelligat
465 3545 542 3606 ergo
565 3525 664 3588 lector
678 3545 877 3588 communem
898 3525 968 3586 istis
990 3544 1062 3587 curn
1080 3522 1147 3585 Piis
1169 3523 1237 3585 Mo-

242 3622 330 3684 ronis
352 3622 530 3700 iubilaeum,
555 3625 595 3686 de
616 3644 705 3686 more
731 3623 864 3702 solenni,
888 3644 972 3686 anno
998 3643 1125 3704 quoque
1149 3621 1237 3702 quin·

242 3721 427 3801 quagesimo
450 3722 612 3798 celebrari,
634 3723 666 3783 in
689 3742 751 3803 quo
773 3743 844 3784 cum
864 3723 1012 3784 omnibus
1032 3721 1119 3783 orbis
1140 3721 1237 3782 totius

242 3820 423 3883 nationibus
438 3842 473 3883 ac
488 3821 614 3901 populis
630 3821 770 3882 indutiae
785 3832 895 3901 pactae
909 3832 1003 3898 sunt;
1025 3841 1088 3901 quo
1102 3821 1235 3882 durante
1251 3843 1281 3891 30

243 3918 354 3999 religio
377 3930 426 3981 est
448 3918 645 3981 furacissimo
667 3919 805 3998 ganeoni
825 3939 933 3999 pacem
948 3920 999 3980 vel
1013 3919 1171 3999 publicam
1185 3919 1235 3980 vel
