3142 4575
349 514 389 574 42
534 494 735 559 MUNDUS
764 496 921 559 ALTER
951 496 1009 559 ET
1040 496 1155 559 IDEM
1221 496 1299 580 [crs.
1316 517 1340 559 11
1371 506 1375 515 ‘

392 651 638 715 Parliamentum
666 652 737 716 istic
764 652 884 715 habent
906 651 973 715 sere
995 663 1192 733 perpetuum,
1219 652 1342 733 inquo

349 751 478 814 maioris
500 752 650 813 momenti
675 751 804 832 negotia
828 761 1071 831 pertractantur,
1094 761 1139 813 utv
1152 750 1342 814 Desiderius

349 861 466 925 noster,
497 850 525 911 si
561 850 622 912 iam
658 860 851 929 superesset,
881 848 997 912 sactum
1028 860 1225 929 agnosceret,
1255 851 1340 931 quod

349 948 482 1011 feminas
513 958 679 1029 tantopere
708 958 852 1029 petentes
884 948 1062 1012 introducit.
1118 948 1156 1010 ld
1181 968 1258 1012 vero
1287 968 1341 1010 ne

322 1066 438 1120 5cesse
460 1058 517 1123 est,
536 1057 667 1127 propter
687 1046 794 1126 legum
816 1045 950 1107 latarum
971 1045 1247 1108 incertitudinem:
1269 1046 1342 1108 licet

348 1144 432 1206 enim
461 1155 590 1225 postero
619 1145 672 1206 die
700 1143 867 1223 plebiscita
895 1144 1027 1223 quaevis
1051 1164 1111 1223 pro
1135 1144 1266 1207 arbitrio
1294 1166 1341 1207 re·

348 1252 483 1305 trectare
495 1264 504 1320 ς
536 1244 651 1306 eodem
674 1261 739 1304 non
764 1240 846 1317 licet,
873 1261 914 1303 ne
936 1242 998 1303 sibi
1022 1262 1135 1322 parum
1158 1254 1341 1307 constantes

280 1410 284 1418 ,
349 1340 524 1405 videantur.

390 1439 560 1520 Suffragiis
574 1439 704 1521 quidem
718 1458 814 1521 pares
827 1449 903 1500 sunt
918 1459 1031 1501 omnes
1044 1439 1140 1516 cives,
1154 1460 1220 1502 non
1234 1451 1340 1502 tamen

306 1538 520 1617 rodignitate:
563 1548 651 1599 certo
694 1537 778 1600 enim
816 1536 1046 1616 praefectarum
1082 1558 1223 1613 numero,
1261 1557 1342 1617 quas

238 1629 244 1638 '
350 1635 573 1699 Centumviras
607 1636 776 1715 appellant,
807 1635 906 1697 urbes
935 1635 1040 1697 fasces
1072 1636 1223 1699 tribuunt.
1279 1635 1342 1697 Ne·

229 1801 231 1806 ,
348 1754 409 1815 que
428 1754 505 1797 vero
528 1744 622 1796 natae
644 1744 719 1797 sunt
740 1733 813 1796 illae
839 1753 946 1795 rerum
961 1734 1117 1810 dominae,
1134 1734 1192 1795 sed
1211 1735 1339 1811 electae,

261 1910 264 1913 Ι
347 1834 392 1895 uti
415 1833 521 1913 aliqua
548 1832 708 1895 videbitur
731 1832 967 1913 pulchritudine
995 1842 1027 1893 et
1054 1831 1236 1912 eloquentia
1260 1832 1341 1910 (sola

268 2013 271 2019 .
349 1932 433 1993 enim
455 1932 533 1994 haec
555 1932 620 1993 duo
641 1931 673 1991 in
696 1930 782 1992 omni
804 1930 961 1993 electione
981 1933 1175 2009 spectantur)
1189 1930 1340 1992 eminere.

306 2048 334 2096 15
391 2030 475 2093 Olim
491 2049 591 2111 penes
605 2029 757 2110 populum
777 2039 844 2091 erat
859 2027 997 2108 eligendi
1012 2038 1162 2107 potestas,
1182 2028 1285 2089 donec
1299 2048 1341 2089 ex

348 2151 394 2207 eo,
407 2130 492 2210 quod
502 2148 710 2209 unaquaeque
722 2126 927 2207 semetipsam
940 2145 999 2187 suo
1008 2125 1165 2205 promovit
1177 2126 1341 2205 suffragio,

346 2239 416 2292 orta
451 2226 596 2290 confusio
632 2225 884 2290 laudatissimum
912 2225 997 2287 hunc
1026 2223 1192 2285 electionis
1219 2244 1339 2285 morem

346 2327 529 2406 antiquavit.

389 2423 515 2486 Exinde
536 2425 697 2485 decretum
720 2433 822 2485 estut
841 2422 916 2483 illae
937 2421 1027 2483 solae
1048 2421 1169 2483 iudices
1190 2422 1341 2484 sederent

302 2544 334 2579 20
346 2534 410 2584 tam
439 2521 615 2583 invidiosae
643 2520 713 2596 litis,
741 2540 823 2599 quae
851 2540 887 2582 se
915 2540 1019 2599 neque
1051 2519 1207 2606 formosas
1234 2540 1341 2600 neque

318 2669 321 2676 .
346 2620 482 2683 disertas
501 2618 735 2700 profiterentur.
780 2617 856 2693 Quo
871 2617 987 2679 facturn
1005 2628 1054 2678 est
1070 2627 1113 2694 ut,
1129 2628 1341 2680 concurrente

345 2739 441 2800 saepe
463 2717 591 2798 populo,
608 2735 648 2778 ne
668 2736 733 2777 una
752 2714 881 2795 quidem
903 2726 1064 2795 comperta
1088 2715 1130 2777 sit
1151 2715 1184 2776 in
1198 2726 1262 2778 tarn
1281 2716 1341 2777 fre·

345 2816 454 2898 quenti
475 2815 642 2895 spissaque
663 2832 791 2890 corona,
814 2833 896 2893 quae
918 2813 1073 2875 electricis
1096 2814 1200 2875 locum
1221 2815 1341 2876 habere

344 2915 448 2992 vellet,
474 2914 550 2976 dum
573 2911 790 2994 provectiores
815 2921 918 2974 aetate
940 2932 1006 2974 non
1031 2911 1136 2974 minus
1163 2931 1199 2974 se
1228 2922 1341 2992 putant

301 3027 331 3073 ²⁵
345 3012 498 3074 facundas
512 3031 607 3090 quarn
622 3009 810 3070 iuvenculae
824 3010 998 3088 elegantes.

385 3111 533 3173 Tandem
548 3108 651 3170 visum
667 3117 716 3170 est
731 3108 817 3169 hunc
831 3107 988 3169 honorem
1003 3107 1340 3171 duodecim'exanno-

345 3209 480 3273 sissimis
498 3227 516 3270 e
536 3206 606 3268 vico
622 3205 797 3269 Vetulonio
820 3205 975 3267 matronis
991 3204 1117 3281 deferri,
1133 3226 1229 3284 quem
1244 3207 1340 3293 etiam

345 3307 485 3388 superbo
520 3315 686 3386 praeterea
713 3304 804 3366 titulo
832 3303 1012 3384 >prudenter
1039 3315 1207 3380 auxerunt,
1235 3315 1269 3366 ut
1299 3325 1340 3367 eo

345 3403 507 3468 lubentius
524 3413 735 3482 expeteretur.
1164 3393 1170 3407 '

301 3526 332 3578 30
389 3503 451 3565 Pro
477 3512 611 3582 sceptro,
636 3501 824 3576 fascibusve,
849 3511 903 3562 aut
928 3499 1044 3576 securi,
1065 3499 1193 3578 plumae
1216 3499 1285 3562 istis
1309 3513 1341 3564 et

345 3602 476 3684 specula
509 3600 739 3681 praeferuntur,
768 3598 925 3660 maximae
953 3597 1065 3673 molis;
1099 3619 1180 3678 quae
1204 3599 1254 3660 vel
1283 3617 1342 3678 per

344 3695 434 3763 vicos
457 3699 642 3762 incedentes
667 3719 732 3765 non
754 3696 905 3758 desinunt
930 3695 1056 3772 intueri,
1080 3697 1246 3758 ethorum
1268 3716 1341 3756 con·
1408 3740 1412 3746 -

345 3799 417 3862 silio
432 3797 572 3877 capillos,
591 3817 655 3874 ora,
673 3807 704 3858 et
717 3813 850 3875 gressus
864 3793 953 3872 ipsos
968 3807 1168 3873 componere.
