3142 4575
327 560 364 621 14
509 541 709 607 MUNDUS
737 541 895 605 ALTER
923 542 982 603 ET
1012 541 1128 604 IDEM
1216 540 1319 622 [mur

324 698 408 759 enim
430 698 491 779 ipsi
511 709 583 779 post
603 710 666 762 tam
689 698 825 761 subitam
845 699 1052 761 mutationem
1072 699 1315 778 ingurgitarunt,

324 806 358 858 ut
394 798 513 859 morbis
547 798 622 860 inde
656 797 829 860 contractis
868 798 909 859 ad
947 817 1048 859 unum
1084 816 1198 859 omnes
1233 797 1316 859 intra

322 892 493 956 triennium
515 895 598 957 ultro
620 895 782 976 perierim.

364 989 470 1072 Saepe
499 992 602 1069 etiam,
633 994 690 1055 sed
718 993 843 1070 frustra,
871 994 987 1074 pedem
1015 993 1066 1054 hic
1096 1013 1189 1055 suurn
1217 992 1317 1073 figere

296 1098 484 1154 stentarunt
518 1090 640 1153 incolae
671 1102 804 1168 veteres,
841 1090 1016 1171 Frugionii,
1047 1090 1101 1170 qui
1133 1100 1241 1152 tamen
1271 1091 1316 1151 uti

322 1187 447 1250 sortuna
461 1189 652 1251 deteriorem
667 1189 854 1269 plerumque
868 1189 902 1249 in
915 1199 1039 1268 partem
1053 1188 1163 1267 vergit,
1182 1188 1315 1249 nimium

321 1285 403 1348 felici
420 1286 681 1367 Pamphagonum
695 1306 847 1349 successu
863 1286 1004 1365 superati
1019 1296 1107 1347 sunt

361 1384 412 1447 Ad
440 1383 558 1446 bellum
585 1384 753 1463 prodeunt,
778 1383 938 1445 anteriore
964 1382 1096 1462 quidem
1125 1393 1216 1463 parte
1244 1385 1316 1460 (nec

320 1468 463 1545 enimse
483 1491 619 1562 possunt
639 1481 712 1561 suga
733 1482 881 1559 liberare)
896 1480 993 1542 coriis
1014 1481 1147 1554 bovillis,
1168 1482 1315 1561 pellibus·

280 1604 308 1639 ιο
321 1601 383 1662 que
408 1580 568 1661 lanigerae
593 1580 813 1661 setigeraeque
838 1580 980 1659 pecudis,
1005 1580 1152 1659 villisque
1176 1580 1316 1660 caprinis

320 1678 430 1755 induti,
454 1688 488 1741 ut
513 1689 689 1741 armentum
712 1678 769 1741 tibi
794 1678 923 1758 aliquod
946 1700 965 1742 a
988 1678 1083 1758 longe
1105 1678 1240 1740 intuenti
1265 1680 1316 1741 ad·

321 1787 470 1859 aquatum
493 1777 565 1838 duci
586 1776 755 1839 videretur.
800 1775 950 1839 Verubus
972 1775 1131 1856 furcisque
1152 1776 1317 1839 culinariis

322 1876 433 1939 armati
456 1877 521 1937 fere
543 1894 656 1938 omnes
667 1896 676 1952 ;
701 1885 775 1937 sunt
800 1885 906 1937 tamen
928 1874 981 1971 qui
1003 1875 1134 1936 balistas
1159 1895 1316 1955 arcusque

322 1994 340 2036 e
356 1975 451 2036 boum
466 1972 677 2036 maximorum
692 1973 790 2036 costis
805 1982 926 2052 gerant.

280 2106 286 2139 ι
295 2104 308 2154 5
337 2102 340 2111 .
364 2072 523 2149 YvroneS,
539 2072 604 2133 nati
620 2072 723 2153 magis
741 2072 781 2133 ad
797 2072 926 2148 bellum,
942 2083 1077 2149 mutuas,
1094 2072 1147 2134 ubi
1162 2093 1243 2152 opus
1257 2083 1313 2148 est,

322 2170 391 2233 istis
412 2171 575 2253 suppetias
598 2171 710 2247 ferunt,
731 2171 802 2233 sine
821 2190 957 2252 quorum
975 2171 1167 2251 opportunis
1187 2172 1314 2233 auxiliis

325 2268 565 2352 Pamphagones
607 2269 816 2352 proculdubio
845 2268 913 2331 'diu
956 2269 1090 2331 antehac
1133 2270 1313 2331 succubuis-

321 2377 402 2430 sent.

439 2597 520 2664 Car.
541 2597 638 2661 VIII.
685 2599 944 2675 Uenuroouruu,
967 2617 1053 2660 unas
1076 2617 1197 2660 crusna

363 2753 432 2818 Seu
453 2755 556 2818 adhuc
578 2755 695 2817 intacta
716 2755 802 2831 mihi,
820 2775 890 2817 non
911 2755 1045 2816 tacenda
1065 2765 1180 2831 tamen,
1203 2755 1315 2817 Ucale-

277 2890 309 2928 ,ο
321 2853 460 2934 gonium‚
485 2853 586 2917 libera
607 2853 727 2931 civitas,
744 2853 875 2914 ditionis
897 2853 1124 2935 amplissimae,
1142 2854 1174 2914 in
1197 2855 1315 2917 ultimis

324 2949 467 3014 Planitiei
480 2951 656 3013 Lecanicae
666 2951 791 3027 finibus,
807 2949 987 3013 Moroniam
995 2972 1117 3027 versus,
1129 2954 1299 3015 constituta
1304 2975 1314 3032 ;
1344 3004 1347 3010 .

320 3071 383 3132 qua
405 3049 523 3113 nullam
545 3059 685 3112 ostentat
701 3049 939 3130 Pamphagonia
959 3051 1010 3112 vel
1032 3052 1133 3131 magIs
1153 3052 1314 3133 antiquam

319 3149 370 3214 vel
393 3148 583 3230 stupendam
605 3146 706 3228 magis
718 3170 727 3226 ;
759 3148 859 3222 cuius,
887 3148 931 3211 uti
956 3149 1064 3227 fertur,
1092 3149 1178 3212 cives
1202 3151 1316 3230 quovis

321 3247 478 3310 monacho
494 3245 665 3309 feliciorem
680 3246 775 3309 vitam
792 3247 910 3327 degunt
916 3271 925 3325 ;
949 3246 1065 3328 quippe
1080 3248 1220 3328 suppetit
1234 3249 1311 3326 istis,

277 3375 306 3428 ²⁵
321 3345 469 3430 quicquid
485 3346 556 3408 usui
571 3366 643 3409 esse
657 3347 766 3426 possit,
784 3348 921 3409 abunde.

365 3443 521 3525 inprimis,
553 3444 764 3508 munitiSsima
797 3456 846 3507 est
874 3445 944 3525 ipso
972 3445 1034 3507 situ
1064 3445 1124 3507 loci
1156 3446 1314 3526 planeque

319 3543 490 3621 inaccessa,
507 3553 541 3606 ut
562 3543 673 3607 inanes
693 3544 832 3607 hostium
854 3544 987 3606 insidIas
1007 3554 1039 3605 et
1058 3543 1313 3608 incursitationes
1390 3529 1394 3535 ’

319 3644 431 3705 merito
467 3641 572 3706 ridere
607 3642 727 3722 possit;
766 3641 883 3704 insidet
917 3641 1002 3704 enim
1037 3641 1207 3704 altissimae
1242 3646 1312 3724 rupi

319 3741 518 3822 maximeque
542 3740 715 3820 praecipiti,
739 3760 797 3820 per
819 3739 964 3801 milliaria
987 3739 1178 3802 Germanica
1202 3743 1312 3804 decem

254 3905 257 3916 ¹
274 3861 306 3912 ³0
320 3839 521 3904 continuatae
531 3859 539 3916 ;
562 3857 619 3918 per
633 3837 722 3900 cuius
744 3857 853 3900 cavam
871 3838 984 3900 vallem
1000 3837 1176 3918 Oysivium,
1193 3838 1311 3903 flumen
