3142 4575
374 587 394 645 4
559 566 759 629 MUNDUS
789 566 945 631 ALTER
976 567 1034 629 ET
1065 566 1181 628 IDEM

417 724 523 801 Dixit,·
559 726 710 804 vultuque
741 726 869 805 paulum
904 726 1109 787 commotiore
1145 746 1205 786 nos
1241 726 1367 786 intuens

373 822 523 883 conticuit
537 822 721 885 Beroaldus
762 823 876 904 Neque
889 843 954 886 non
969 824 1101 885 multum
1117 843 1176 884 nos
1192 824 1289 885 movit
1304 834 1366 883 tam

373 921 547 983 vehemens
557 922 677 983 cordati
689 922 813 984 iuvenis
824 924 925 985 oratio
937 922 1039 999 (cuius
1054 942 1114 1001 ego
1126 921 1180 984 vix
1194 922 1367 983 clausulam

374 1018 501 1081 emille
530 1040 623 1081 unam
653 1025 807 1099 numero),
829 1022 986 1101 simulque
1013 1040 1119 1082 rerum
1148 1039 1303 1081 novarum
1331 1039 1367 1080 ac

345 1117 495 1197 5gloriae
510 1118 587 1181 sitis
633 1118 720 1193 Quid
742 1119 876 1181 multis?
920 1118 1034 1201 Neque
1053 1138 1134 1199 opus
1152 1128 1200 1180 est
1221 1118 1296 1198 quid
1316 1117 1367 1179 hic

374 1216 531 1293 dubitarit,
555 1216 607 1278 ille
629 1216 753 1294 dixerit,
776 1216 886 1280 fecerit
907 1218 994 1294 alter,
1016 1216 1237 1297 paraverimus
1256 1236 1367 1277 omnes

374 1334 520 1376 seorsum
534 1334 736 1395 percensere.
781 1315 875 1377 Diem
890 1316 1075 1378 statuimus:
1098 1308 1204 1376 navim
1219 1334 1367 1376 conscen-

373 1411 477 1474 dimus
502 1412 726 1475 Phantasiam:
757 1414 911 1475 solvimus
936 1424 1049 1494 portu;
1081 1434 1145 1475 non
1169 1423 1274 1475 tamen
1298 1413 1367 1475 sine

372 1510 441 1571 hac.
456 1510 636 1573 conditiune
661 1513 865 1575 humanitatis
892 1512 1011 1593 pariter
1040 1523 1071 1574 et
1099 1512 1202 1590 officii,
1229 1522 1264 1574 ut
1291 1532 1368 1574 suos

329 1606 507 1688 utquisque
522 1608 554 1669 in
569 1609 620 1671 via
634 1610 793 1685 salutaret,
810 1612 1017 1693 salutatisque
1031 1610 1233 1673 valediceret.

415 1706 546 1786 Iamque
561 1727 631 1767 cum
647 1719 719 1787 post
733 1708 873 1771 triduum
888 1712 928 1771 ad
946 1709 1076 1789 Belgica
1091 1710 1184 1771 litora
1196 1709 1367 1789 appulisse·

372 1824 451 1881 mus,
471 1815 543 1883 post
565 1806 773 1887 septimanam
797 1809 837 1869 ad
860 1808 1059 1888 Aquitanica,
1085 1807 1269 1886 surripuere
1291 1808 1368 1868 mihi

375 1902 569 1983 Delphensis
594 1904 668 1965 villa
692 1904 856 1985 Drogium
880 1905 978 1967 Mons
999 1906 1143 1966 Albanus
1167 1904 1366 1983 Beroaldum,

312 2058 314 2063 .
373 2011 542 2081 utrumque
563 2022 640 2063 sane
658 2002 899 2067 invitissimum:
921 2025 1035 2085 meque
1049 2024 1191 2065 meorum
1206 2004 1369 2067 cachinnis

330 2110 447 2187 15p0st
461 2110 580 2162 tantam
592 2102 860 2181 exspectationem
873 2102 1118 2183 propinandum,
1131 2102 1181 2163 vel
1192 2101 1368 2180 solivagum

337 2236 338 2243 κ
373 2198 527 2261 viatorem
550 2198 725 2261 innumeris
747 2199 930 2281 ignotisque
953 2200 1103 2279 periculis
1125 2200 1242 2261 misere
1263 2200 1369 2261 obtru-

374 2309 491 2360 serunt.
540 2337 542 2342 ·

418 2395 532 2476 Neque
560 2405 664 2458 tamen
694 2397 770 2459 haec
801 2418 852 2459 me
881 2398 994 2459 terruit
1026 2399 1186 2478 insperata
1219 2396 1367 2460 solitud0.

378 2493 508 2554 Perrexi
530 2493 653 2571 aiacem
679 2505 815 2574 postque
838 2494 999 2556 biennium
1027 2495 1146 2556 insulis
1174 2495 1366 2572 Fortunatis,

331 2611 362 2646 πο
375 2591 467 2652 litore
495 2591 652 2669 Africano,
670 2611 701 2654 a
720 2602 819 2672 tergo
853 2592 977 2670 relictis
1010 2593 1162 2673 nigellum
1196 2592 1368 2672 Crapuliae

375 2701 468 2770 caput
483 2689 623 2752 salutavi.
