3142 4575
471 954 662 1036 LIBER
702 951 944 1034 PRIMUS

496 1140 499 1147 ’
584 1134 831 1205 canutum

475 1300 555 1364 Cae.
581 1300 605 1361 Ι.
650 1300 813 1363 chmurs
834 1319 927 1363 snus

252 1440 430 1503 Cunnum
457 1440 546 1520 regio
571 1441 683 1520 ampla,
709 1439 888 1516 luculenta;
916 1438 1002 1519 quod
1030 1437 1071 1499 ad
1100 1434 1203 1509 situm,

209 1558 229 1599 a
249 1538 465 1617 septentrione
489 1537 619 1599 Oceano
640 1536 842 1617 Aethiopico,
859 1538 899 1598 ab
920 1536 1043 1598 oriente
1065 1533 1207 1612 Locania

209 1646 242 1697 et
267 1636 439 1715 Viraginia,
466 1637 506 1697 ab
532 1644 641 1696 austro
668 1635 819 1697 Moronia
845 1634 951 1710 Felici,
975 1634 1016 1695 ab
1043 1632 1207 1702 occidente
1292 1672 1297 1681 ·

208 1733 326 1813 palude
342 1734 529 1814 Tryphonia
538 1732 744 1796 terminatur:
765 1732 798 1793 in
808 1733 919 1795 eadem
930 1732 1000 1812 ipsa
1010 1731 1097 1793 orbis
1106 1741 1207 1811 parte,

209 1834 243 1893 in
258 1853 321 1912 qua
335 1832 626 1894 monstrosissimus
647 1832 714 1893 ales
735 1850 810 1907 nuc,
827 1831 1031 1911 elephantum
1046 1830 1206 1909 integrum
1234 1849 1249 1899 5

93 1948 95 1952 ’
209 1930 371 2010 unguibus
392 1929 459 1991 suis
481 1929 608 2009 rapiens
630 1930 880 2009 deglutiendum,
900 1949 920 1990 a
940 1927 1110 1991 neotericis
1135 1946 1207 2007 geo·

209 2029 342 2111 graphis
356 2028 485 2109 depingi
499 2028 590 2089 solet.

253 2127 356 2189 Gleba
375 2120 468 2189 nimis
489 2125 584 2195 feraci
599 2126 751 2207 caeloque
771 2126 902 2188 nimium
922 2125 1063 2207 benigno
1084 2125 1205 2199 fruitur,

209 2226 302 2289 cuius
334 2245 405 2306 ego,
435 2244 499 2285 non
528 2223 598 2285 sine
627 2224 721 2285 tacita
753 2226 888 2304 quadam
922 2224 1048 2300 invidia,
1078 2223 1208 2305 saepius

210 2325 372 2387 miseritus
386 2343 468 2400 sum,
483 2324 568 2404 quod
585 2322 706 2386 incolas
722 2343 785 2385 non
801 2323 915 2385 habeat
929 2323 1087 2386 meliores·
1224 2341 1254 2376 10

254 2422 469 2502 Longitudine
484 2421 611 2502 quidem
632 2423 671 2484 ad
686 2422 819 2502 gradum
835 2421 1102 2505 septuagesimum
1117 2443 1207 2503 quar·

211 2534 290 2598 tum,
318 2520 482 2582 latitudine
510 2539 585 2581 vero
615 2521 655 2581 ad
683 2520 918 2602 sexagesimum
947 2520 1128 2601 porrigitur.
1179 2522 1210 2583 A

212 2619 327 2700 Capite
344 2617 453 2680 Bonae
468 2617 545 2698 Spei
566 2618 713 2680 undecim
733 2619 855 2700 gradus
878 2618 980 2693 distat,
1004 2618 1124 2699 totique
1143 2618 1209 2682 fere
1262 2685 1264 2688 ,

210 2718 340 2782 Africae
354 2739 394 2780 ex
409 2719 545 2780 adverso
560 2719 648 2780 iacet.

255 2817 294 2878 ln
309 2817 389 2878 duas
404 2817 499 2896 vulgo
514 2817 694 2896 provincias
709 2819 866 2895 tribuitur,
889 2819 1157 2900 Pamphagoniam
1177 2828 1210 2882 et
1227 2841 1254 2890 15

212 2914 411 2978 Yvroniam:
433 2935 566 2995 quarum
582 2916 681 2979 altera
695 2939 812 2998 magna
827 2918 956 2998 quidem
971 2939 1011 2980 ex
1025 2906 1114 2998 parte
1129 2918 1208 2978 eius·

211 3017 287 3077 dem
308 3023 339 3074 et
360 3013 570 3092 longitudinis
591 3025 623 3076 et
644 3016 821 3078 latitudinis
844 3028 902 3093 est,
924 3017 1010 3096 quod
1030 3016 1209 3077 ominosum

212 3112 294 3176 nulli
314 3113 469 3188 videatur,
490 3131 561 3172 cum
586 3123 696 3175 nostra
718 3113 892 3192 Britannia,
918 3115 1019 3176 altera
1038 3133 1115 3175 vero
1138 3133 1209 3174 cum

212 3223 349 3290 utraque
383 3209 562 3271 Germania.
610 3209 753 3291 Utraque
790 3213 893 3275 eidem
925 3211 1070 3292 principi,
1094 3210 1207 3271 iisdem

213 3310 342 3388 legibus
363 3307 536 3384 subiicitur,
553 3327 613 3369 nec
634 3310 776 3372 moribus
794 3330 853 3371 nec
873 3310 1002 3390 ingenio
1021 3328 1080 3370 nec
1100 3308 1256 3370 habitunt>

212 3411 296 3472 adeo
310 3405 481 3468 dissimilis.

296 3579 378 3642 Car.
403 3577 446 3641 ll.
492 3579 751 3643 Panrunoonm.
794 3579 916 3643 Tanna
938 3570 1133 3642 Gucouun'

259 3719 508 3781 Panrnncoum
530 3719 683 3799 triquetra
703 3719 769 3782 fere
792 3730 848 3793 est,
873 3720 975 3800 figura
998 3719 1122 3795 Deltali,
1143 3739 1207 3781 non

214 3817 370 3882 absimilis
390 3817 538 3896 Aegypto
566 3819 675 3894 veteri,
706 3827 854 3880 montosa
881 3819 1078 3898 collibusque
1106 3817 1209 3879 obsita

1337 3839 1412 3858 A
